
<record>
  <leader>03668cam a2200685 i 4500</leader>
  <controlfield tag="001">21254093</controlfield>
  <controlfield tag="005">20200102083937.0</controlfield>
  <controlfield tag="008">190717s2019    it ah    bc   000 0 ita d</controlfield>
  <datafield tag="906" ind1=" " ind2=" ">
    <subfield code="a">7</subfield>
    <subfield code="b">cbc</subfield>
    <subfield code="c">copycat</subfield>
    <subfield code="d">3</subfield>
    <subfield code="e">ncip</subfield>
    <subfield code="f">20</subfield>
    <subfield code="g">y-gencatlg</subfield>
  </datafield>
  <datafield tag="925" ind1="0" ind2=" ">
    <subfield code="a">acquire</subfield>
    <subfield code="b">1 shelf copy</subfield>
    <subfield code="x">policy default</subfield>
  </datafield>
  <datafield tag="955" ind1=" " ind2=" ">
    <subfield code="a">ve08 2011-11-10</subfield>
    <subfield code="b">bd19 2019-12-13</subfield>
    <subfield code="b">bd15 2019-12-31 z-processor</subfield>
    <subfield code="i">bd15 2019-12-31</subfield>
  </datafield>
  <datafield tag="010" ind1=" " ind2=" ">
    <subfield code="a">  2019466655</subfield>
  </datafield>
  <datafield tag="020" ind1=" " ind2=" ">
    <subfield code="a">9788829703265</subfield>
  </datafield>
  <datafield tag="020" ind1=" " ind2=" ">
    <subfield code="a">8829703265</subfield>
  </datafield>
  <datafield tag="035" ind1=" " ind2=" ">
    <subfield code="a">(OCoLC)on1110593773</subfield>
  </datafield>
  <datafield tag="040" ind1=" " ind2=" ">
    <subfield code="a">C3L</subfield>
    <subfield code="b">eng</subfield>
    <subfield code="c">C3L</subfield>
    <subfield code="e">rda</subfield>
    <subfield code="d">OCLCO</subfield>
    <subfield code="d">NLGGC</subfield>
    <subfield code="d">EYM</subfield>
    <subfield code="d">OCLCO</subfield>
    <subfield code="d">FXM</subfield>
    <subfield code="d">OCLCF</subfield>
    <subfield code="d">NARDE</subfield>
    <subfield code="d">CHVBK</subfield>
    <subfield code="d">OCLCO</subfield>
    <subfield code="d">FDA</subfield>
    <subfield code="d">DLC</subfield>
  </datafield>
  <datafield tag="042" ind1=" " ind2=" ">
    <subfield code="a">lccopycat</subfield>
  </datafield>
  <datafield tag="043" ind1=" " ind2=" ">
    <subfield code="a">e-it---</subfield>
  </datafield>
  <datafield tag="050" ind1="0" ind2="0">
    <subfield code="a">NC257.L4</subfield>
    <subfield code="b">A4 2019b</subfield>
  </datafield>
  <datafield tag="245" ind1="0" ind2="0">
    <subfield code="a">Leonardo e Vitruvio :</subfield>
    <subfield code="b">oltre il cerchio e il quadrato /</subfield>
    <subfield code="c">a cura di Francesca Borgo ; con un contributo di Paolo Clini.</subfield>
  </datafield>
  <datafield tag="246" ind1="3" ind2="0">
    <subfield code="a">Oltre il cerchio e il quadrato</subfield>
  </datafield>
  <datafield tag="250" ind1=" " ind2=" ">
    <subfield code="a">Prima edizione.</subfield>
  </datafield>
  <datafield tag="264" ind1=" " ind2="1">
    <subfield code="a">Venezia :</subfield>
    <subfield code="b">Marsilio,</subfield>
    <subfield code="c">luglio 2019.</subfield>
  </datafield>
  <datafield tag="300" ind1=" " ind2=" ">
    <subfield code="a">151 pages :</subfield>
    <subfield code="b">illustrations (chiefly color), facsimiles ;</subfield>
    <subfield code="c">24 cm.</subfield>
  </datafield>
  <datafield tag="336" ind1=" " ind2=" ">
    <subfield code="a">text</subfield>
    <subfield code="b">txt</subfield>
    <subfield code="2">rdacontent</subfield>
  </datafield>
  <datafield tag="336" ind1=" " ind2=" ">
    <subfield code="a">still image</subfield>
    <subfield code="b">sti</subfield>
    <subfield code="2">rdacontent</subfield>
  </datafield>
  <datafield tag="337" ind1=" " ind2=" ">
    <subfield code="a">unmediated</subfield>
    <subfield code="b">n</subfield>
    <subfield code="2">rdamedia</subfield>
  </datafield>
  <datafield tag="338" ind1=" " ind2=" ">
    <subfield code="a">volume</subfield>
    <subfield code="b">nc</subfield>
    <subfield code="2">rdacarrier</subfield>
  </datafield>
  <datafield tag="490" ind1="0" ind2=" ">
    <subfield code="a">Collana del Centro studi vitruviani ;</subfield>
    <subfield code="v">5</subfield>
  </datafield>
  <datafield tag="500" ind1=" " ind2=" ">
    <subfield code="a">Catalog of an exhibition held at the Museo del Palazzo Malatestiano, Fano, Italy, July 12- October 13, 2019.</subfield>
  </datafield>
  <datafield tag="504" ind1=" " ind2=" ">
    <subfield code="a">Includes bibliographical references.</subfield>
  </datafield>
  <datafield tag="505" ind1="0" ind2="0">
    <subfield code="t">Leonardo legge vitruvio /</subfield>
    <subfield code="r">Francesca Borgo --</subfield>
    <subfield code="t">Non solo archittetura : Vitruvio nel lessico di Leonardo /</subfield>
    <subfield code="r">Marco Biffi --</subfield>
    <subfield code="t">La geometria platonica nell&apos;excursus vitruviano sull&apos;uomo perfetto (de architectura, iii. 1, 2-3) /</subfield>
    <subfield code="r">Pierre Gros --</subfield>
    <subfield code="t">In cerca della perfezione, nouvi elementi per l&apos;uomo vitruviano di Leonardo da Vinci /</subfield>
    <subfield code="r">Emanuele Lugli --</subfield>
    <subfield code="t">Leonardo e l&apos;arte dell&apos;ingegneria /</subfield>
    <subfield code="r">Matthew Landrus --</subfield>
    <subfield code="t">Il progetto per il Tiburio del Duomo di Milano /</subfield>
    <subfield code="r">Giulia Ceriani Sebregondi --</subfield>
    <subfield code="t">Misurare le distanze all&apos;antica /</subfield>
    <subfield code="r">Richard Schofield --</subfield>
    <subfield code="t">Ctesibio, la clessidra e il salvagente /</subfield>
    <subfield code="r">Cristiano Zanetti --</subfield>
    <subfield code="t">Mania geometrica /</subfield>
    <subfield code="r">Francesca Borgo --</subfield>
    <subfield code="t">Le macchine virtuali di Leonardo /</subfield>
    <subfield code="r">Paolo Clini, MAssimo Callegari, Stefano Brillarelli, Renato Angeloni, Mirco D&apos;Alessio.</subfield>
  </datafield>
  <datafield tag="600" ind1="0" ind2="0">
    <subfield code="a">Leonardo,</subfield>
    <subfield code="c">da Vinci,</subfield>
    <subfield code="d">1452-1519</subfield>
    <subfield code="v">Exhibitions.</subfield>
  </datafield>
  <datafield tag="600" ind1="0" ind2="0">
    <subfield code="a">Vitruvius Pollio</subfield>
    <subfield code="x">Influence</subfield>
    <subfield code="v">Exhibitions.</subfield>
  </datafield>
  <datafield tag="650" ind1=" " ind2="0">
    <subfield code="a">Drawing, Italian</subfield>
    <subfield code="y">15th century</subfield>
    <subfield code="v">Exhibitions.</subfield>
  </datafield>
  <datafield tag="650" ind1=" " ind2="0">
    <subfield code="a">Mechanical drawing</subfield>
    <subfield code="z">Italy</subfield>
    <subfield code="x">History</subfield>
    <subfield code="y">To 1500</subfield>
    <subfield code="v">Exhibitions.</subfield>
  </datafield>
  <datafield tag="650" ind1=" " ind2="0">
    <subfield code="a">Architectural drawing, Renaissance</subfield>
    <subfield code="z">Italy</subfield>
    <subfield code="v">Exhibitions.</subfield>
  </datafield>
  <datafield tag="600" ind1="0" ind2="7">
    <subfield code="a">Leonardo,</subfield>
    <subfield code="c">da Vinci,</subfield>
    <subfield code="d">1452-1519.</subfield>
    <subfield code="2">fast</subfield>
    <subfield code="0">(OCoLC)fst00033122</subfield>
  </datafield>
  <datafield tag="600" ind1="0" ind2="7">
    <subfield code="a">Vitruvius Pollio.</subfield>
    <subfield code="2">fast</subfield>
    <subfield code="0">(OCoLC)fst00034277</subfield>
  </datafield>
  <datafield tag="650" ind1=" " ind2="7">
    <subfield code="a">Architectural drawing, Renaissance.</subfield>
    <subfield code="2">fast</subfield>
    <subfield code="0">(OCoLC)fst00813252</subfield>
  </datafield>
  <datafield tag="650" ind1=" " ind2="7">
    <subfield code="a">Drawing, Italian.</subfield>
    <subfield code="2">fast</subfield>
    <subfield code="0">(OCoLC)fst00897830</subfield>
  </datafield>
  <datafield tag="650" ind1=" " ind2="7">
    <subfield code="a">Influence (Literary, artistic, etc.)</subfield>
    <subfield code="2">fast</subfield>
    <subfield code="0">(OCoLC)fst00972484</subfield>
  </datafield>
  <datafield tag="650" ind1=" " ind2="7">
    <subfield code="a">Mechanical drawing.</subfield>
    <subfield code="2">fast</subfield>
    <subfield code="0">(OCoLC)fst01013356</subfield>
  </datafield>
  <datafield tag="651" ind1=" " ind2="7">
    <subfield code="a">Italy.</subfield>
    <subfield code="2">fast</subfield>
    <subfield code="0">(OCoLC)fst01204565</subfield>
  </datafield>
  <datafield tag="648" ind1=" " ind2="7">
    <subfield code="a">To 1500</subfield>
    <subfield code="2">fast</subfield>
  </datafield>
  <datafield tag="655" ind1=" " ind2="7">
    <subfield code="a">Exhibition catalogs.</subfield>
    <subfield code="2">fast</subfield>
    <subfield code="0">(OCoLC)fst01424028</subfield>
  </datafield>
  <datafield tag="655" ind1=" " ind2="7">
    <subfield code="a">History.</subfield>
    <subfield code="2">fast</subfield>
    <subfield code="0">(OCoLC)fst01411628</subfield>
  </datafield>
  <datafield tag="600" ind1="0" ind2="7">
    <subfield code="a">Leonardo</subfield>
    <subfield code="c">da Vinci</subfield>
    <subfield code="d">1452-1519</subfield>
    <subfield code="2">gnd</subfield>
  </datafield>
  <datafield tag="600" ind1="0" ind2="7">
    <subfield code="a">Leonardo</subfield>
    <subfield code="c">da Vinci</subfield>
    <subfield code="d">1452-1519</subfield>
    <subfield code="t">Proportionsstudie</subfield>
    <subfield code="2">gnd</subfield>
  </datafield>
  <datafield tag="600" ind1="0" ind2="7">
    <subfield code="a">Vitruvius</subfield>
    <subfield code="d">ca. v1. Jh.</subfield>
    <subfield code="2">gnd</subfield>
  </datafield>
  <datafield tag="650" ind1=" " ind2="7">
    <subfield code="a">Anatomie</subfield>
    <subfield code="2">gnd</subfield>
  </datafield>
  <datafield tag="650" ind1=" " ind2="7">
    <subfield code="a">Architektur</subfield>
    <subfield code="2">gnd</subfield>
  </datafield>
  <datafield tag="650" ind1=" " ind2="7">
    <subfield code="a">Geometrie</subfield>
    <subfield code="2">gnd</subfield>
  </datafield>
  <datafield tag="650" ind1=" " ind2="7">
    <subfield code="a">Rezeption</subfield>
    <subfield code="2">gnd</subfield>
  </datafield>
  <datafield tag="650" ind1=" " ind2="7">
    <subfield code="a">Zeichnung</subfield>
    <subfield code="2">gnd</subfield>
  </datafield>
  <datafield tag="700" ind1="1" ind2=" ">
    <subfield code="a">Borgo, Francesca,</subfield>
    <subfield code="e">editor.</subfield>
  </datafield>
  <datafield tag="700" ind1="1" ind2=" ">
    <subfield code="a">Clini, Paolo,</subfield>
    <subfield code="e">contributor.</subfield>
  </datafield>
  <datafield tag="710" ind1="2" ind2=" ">
    <subfield code="a">Museo-pinacoteca malatestiano (Fano, Italy),</subfield>
    <subfield code="e">host institution.</subfield>
  </datafield>
  <datafield tag="923" ind1=" " ind2=" ">
    <subfield code="d">20191002</subfield>
    <subfield code="n">19-36235</subfield>
    <subfield code="s">93001782</subfield>
  </datafield>
  <datafield tag="985" ind1=" " ind2=" ">
    <subfield code="e">VENDOR LOAD</subfield>
  </datafield>
</record>