
<record>
  <leader>05013cam a2200397 i 4500</leader>
  <controlfield tag="001">21255416</controlfield>
  <controlfield tag="005">20200102141132.0</controlfield>
  <controlfield tag="008">191007t20192019fr abd   b    000 0 fre  </controlfield>
  <datafield tag="906" ind1=" " ind2=" ">
    <subfield code="a">7</subfield>
    <subfield code="b">cbc</subfield>
    <subfield code="c">origres</subfield>
    <subfield code="d">3</subfield>
    <subfield code="e">ncip</subfield>
    <subfield code="f">20</subfield>
    <subfield code="g">y-gencatlg</subfield>
  </datafield>
  <datafield tag="925" ind1="0" ind2=" ">
    <subfield code="a">acquire</subfield>
    <subfield code="b">1 shelf copy</subfield>
    <subfield code="x">policy default</subfield>
  </datafield>
  <datafield tag="955" ind1=" " ind2=" ">
    <subfield code="a">ve03 2019-10-18</subfield>
    <subfield code="b">bd19 2019-11-21</subfield>
    <subfield code="i">bd21 2020-01-02 (telework)</subfield>
  </datafield>
  <datafield tag="010" ind1=" " ind2=" ">
    <subfield code="a">  2019468177</subfield>
  </datafield>
  <datafield tag="020" ind1=" " ind2=" ">
    <subfield code="a">9782213705965</subfield>
    <subfield code="q">(paperback)</subfield>
  </datafield>
  <datafield tag="035" ind1=" " ind2=" ">
    <subfield code="a">(Fr-PaAMA)AAL0827628-0001</subfield>
  </datafield>
  <datafield tag="040" ind1=" " ind2=" ">
    <subfield code="a">DLC</subfield>
    <subfield code="b">eng</subfield>
    <subfield code="c">DLC</subfield>
    <subfield code="e">rda</subfield>
  </datafield>
  <datafield tag="042" ind1=" " ind2=" ">
    <subfield code="a">pcc</subfield>
  </datafield>
  <datafield tag="043" ind1=" " ind2=" ">
    <subfield code="a">ec-----</subfield>
    <subfield code="a">ee-----</subfield>
  </datafield>
  <datafield tag="050" ind1="0" ind2="0">
    <subfield code="a">JC423</subfield>
    <subfield code="b">.K685 2019</subfield>
  </datafield>
  <datafield tag="100" ind1="1" ind2=" ">
    <subfield code="a">Krakovský, Roman,</subfield>
    <subfield code="e">author.</subfield>
  </datafield>
  <datafield tag="245" ind1="1" ind2="3">
    <subfield code="a">Le populisme en Europe centrale et orientale :</subfield>
    <subfield code="b">un avertissement pour le monde? /</subfield>
    <subfield code="c">Roman Krakovsky.</subfield>
  </datafield>
  <datafield tag="264" ind1=" " ind2="1">
    <subfield code="a">[Paris] :</subfield>
    <subfield code="b">Fayard,</subfield>
    <subfield code="c">[2019]</subfield>
  </datafield>
  <datafield tag="264" ind1=" " ind2="4">
    <subfield code="c">©2019</subfield>
  </datafield>
  <datafield tag="300" ind1=" " ind2=" ">
    <subfield code="a">341 pages :</subfield>
    <subfield code="b">illustrations, maps, charts ;</subfield>
    <subfield code="c">22 cm.</subfield>
  </datafield>
  <datafield tag="336" ind1=" " ind2=" ">
    <subfield code="a">text</subfield>
    <subfield code="b">txt</subfield>
    <subfield code="2">rdacontent</subfield>
  </datafield>
  <datafield tag="337" ind1=" " ind2=" ">
    <subfield code="a">unmediated</subfield>
    <subfield code="b">n</subfield>
    <subfield code="2">rdamedia</subfield>
  </datafield>
  <datafield tag="338" ind1=" " ind2=" ">
    <subfield code="a">volume</subfield>
    <subfield code="b">nc</subfield>
    <subfield code="2">rdacarrier</subfield>
  </datafield>
  <datafield tag="490" ind1="0" ind2=" ">
    <subfield code="a">Fayard histoire</subfield>
  </datafield>
  <datafield tag="504" ind1=" " ind2=" ">
    <subfield code="a">Includes bibliographical references (pages 299-336).</subfield>
  </datafield>
  <datafield tag="505" ind1="0" ind2="0">
    <subfield code="g">1.</subfield>
    <subfield code="t">Les narodniki en Russie --</subfield>
    <subfield code="t">Les origines du mouvement de contestation --</subfield>
    <subfield code="t">Les précurseurs --</subfield>
    <subfield code="t">L&apos;idéologie des narodniki --</subfield>
    <subfield code="t">&quot;Aller au peuple&quot; --</subfield>
    <subfield code="t">L&apos;échec des narodniki --</subfield>
    <subfield code="g">2.</subfield>
    <subfield code="t">La révolution bolchevique --</subfield>
    <subfield code="t">&quot;L&apos;héritage que nous renions&quot; --</subfield>
    <subfield code="t">La construction du peuple ouvrier --</subfield>
    <subfield code="t">La modernisation par l&apos;industrialisation --</subfield>
    <subfield code="t">La Nouvelle Politique économique --</subfield>
    <subfield code="t">Les débats sur les stratégies de développement --</subfield>
    <subfield code="t">Le tournant de 1928-1929 --</subfield>
    <subfield code="t">La relation entre le peuple ouvrier et son leader --</subfield>
    <subfield code="t">La mobilisation de l&apos;idéologie nationale --</subfield>
    <subfield code="g">3.</subfield>
    <subfield code="t">Les mouvements agraires --</subfield>
    <subfield code="t">L&apos;avènement du peuple paysan --</subfield>
    <subfield code="t">La formation d&apos;une identité populaire --</subfield>
    <subfield code="t">L&apos;opposition entre la ville et la campagne --</subfield>
    <subfield code="t">L&apos;appel aux émotions --</subfield>
    <subfield code="t">L&apos;apprentissage du politique --</subfield>
    <subfield code="t">La révolution de gauche en Hongrie --</subfield>
    <subfield code="t">Les évolutions progressives --</subfield>
    <subfield code="t">Les gouvernements agrariens --</subfield>
    <subfield code="t">Les contradictions polonaises --</subfield>
    <subfield code="t">Le bilan des révolutions paysannes --</subfield>
    <subfield code="t">Les raisons de l&apos;échec --</subfield>
    <subfield code="g">4.</subfield>
    <subfield code="t">Les angoisses identitaires --</subfield>
    <subfield code="t">Les paradoxes des indépendances --</subfield>
    <subfield code="t">La quête d&apos;un peuple uni --</subfield>
    <subfield code="t">La réorganisation des communautés selon le principe corporatiste --</subfield>
    <subfield code="t">Des communautés ethniquement pures --</subfield>
    <subfield code="t">La radicalisation des années 1930 --</subfield>
    <subfield code="t">Les politiques raciales et le nouvel ordre international --</subfield>
    <subfield code="t">L&apos;exception tchécoslovaque --</subfield>
    <subfield code="t">Le renforcement des anti-Lumières --</subfield>
    <subfield code="g">5.</subfield>
    <subfield code="t">Le communisme et ses appels au populisme --</subfield>
    <subfield code="t">Le tournant de la Seconde Guerre mondiale --</subfield>
    <subfield code="t">L&apos;impératif de renaissance nationale --</subfield>
    <subfield code="t">L&apos;émergence du peuple travailleur --</subfield>
    <subfield code="t">L&apos;ancien &quot;ordre capitaliste bourgeois&quot; contre les &quot;démocraties populaires&quot; --</subfield>
    <subfield code="t">Les réformes sociales radicales --</subfield>
    <subfield code="t">Vers la conquête du pouvoir --</subfield>
    <subfield code="t">Le &quot;camp de la guerre&quot; contre le &quot;camp de la paix&quot; --</subfield>
    <subfield code="t">Au pays du peuple travailleur --</subfield>
    <subfield code="t">L&apos;instrumentalisation de l&apos;idéologie nationale --</subfield>
    <subfield code="g">6.</subfield>
    <subfield code="t">Les démocraties illibérales --</subfield>
    <subfield code="t">Les sources de la peur pour l&apos;existence de la nation --</subfield>
    <subfield code="t">La globalisation --</subfield>
    <subfield code="t">L&apos;insécurité géopolitique --</subfield>
    <subfield code="t">La crise démographique --</subfield>
    <subfield code="t">La crise des réfugiés --</subfield>
    <subfield code="t">Les démons du passé --</subfield>
    <subfield code="t">La crise existentielle --</subfield>
    <subfield code="t">La démocratie illibérale --</subfield>
    <subfield code="t">Le &quot;global&quot; contre le &quot;local&quot; --</subfield>
    <subfield code="t">Le &quot;national d&apos;abord&quot; --</subfield>
    <subfield code="t">Renforcer le pouvoir de l&apos;État --</subfield>
    <subfield code="t">Les politiques du passé --</subfield>
    <subfield code="t">Le combat contre les ennemis intérieurs et extérieurs.</subfield>
  </datafield>
  <datafield tag="520" ind1=" " ind2=" ">
    <subfield code="a">&quot;En 1989, la chute du communisme est saluée comme une victoire de la démocratie sur l&apos;autoritarisme. Trente ans plus tard, c&apos;est dans cette partie du continent qu&apos;agissent les plus virulents mouvements du populisme européen. Comment comprendre un tel paradoxe ? Une manière d&apos;y répondre est de replonger dans l&apos;histoire. Cette perspective de longue durée est d&apos;autant plus nécessaire que le populisme n&apos;est pas un phénomène nouveau dans cette partie de l&apos;Europe. Au XIXe siècle, les narodniki russes promettent de sortir la paysannerie de son &quot;arriération&quot; et de la doter d&apos;un droit de cité. Par la suite, les mouvements agraires semblent apporter des réponses au sous-développement et à la difficile construction, dans cet espace, de communautés politiques fortes, et les régimes communistes mobilisent certaines stratégies populistes. Aujourd&apos;hui, les démocraties illibérales remettent en question le mode d&apos;organisation de nos sociétés, issu des Lumières. En redonnant leur épaisseur historique aux dérives populistes à l&apos;oeuvre en Europe centrale et orientale en ce début de XXIe siècle, Roman Krakovsky rappelle combien leur récente poussée peut servir d&apos;avertissement pour le reste du continent.&quot;--Page 4 of cover.</subfield>
  </datafield>
  <datafield tag="650" ind1=" " ind2="0">
    <subfield code="a">Populism</subfield>
    <subfield code="z">Europe, Central</subfield>
    <subfield code="x">History.</subfield>
  </datafield>
  <datafield tag="650" ind1=" " ind2="0">
    <subfield code="a">Populism</subfield>
    <subfield code="z">Europe, Eastern</subfield>
    <subfield code="x">History.</subfield>
  </datafield>
  <datafield tag="651" ind1=" " ind2="0">
    <subfield code="a">Europe, Central</subfield>
    <subfield code="x">Politics and government.</subfield>
  </datafield>
  <datafield tag="651" ind1=" " ind2="0">
    <subfield code="a">Europe, Eastern</subfield>
    <subfield code="x">Politics and government.</subfield>
  </datafield>
  <datafield tag="923" ind1=" " ind2=" ">
    <subfield code="d">20191016</subfield>
    <subfield code="n">633976</subfield>
    <subfield code="s">93000601</subfield>
  </datafield>
  <datafield tag="985" ind1=" " ind2=" ">
    <subfield code="e">VENDOR LOAD</subfield>
  </datafield>
</record>