
<record>
  <leader>02600cam a2200493 i 4500</leader>
  <controlfield tag="001">21256420</controlfield>
  <controlfield tag="005">20200102103640.0</controlfield>
  <controlfield tag="008">191021t20182018pl a     b    100 0 pol d</controlfield>
  <datafield tag="906" ind1=" " ind2=" ">
    <subfield code="a">7</subfield>
    <subfield code="b">cbc</subfield>
    <subfield code="c">copycat</subfield>
    <subfield code="d">3</subfield>
    <subfield code="e">ncip</subfield>
    <subfield code="f">20</subfield>
    <subfield code="g">y-gencatlg</subfield>
  </datafield>
  <datafield tag="925" ind1="0" ind2=" ">
    <subfield code="a">acquire</subfield>
    <subfield code="b">1 shelf copy</subfield>
    <subfield code="x">policy default</subfield>
  </datafield>
  <datafield tag="955" ind1=" " ind2=" ">
    <subfield code="a">ve29 2019-07-12</subfield>
    <subfield code="b">fc19 2019-10-21 z-processor</subfield>
    <subfield code="a">fc00 2019-12-09 to GS/ECE</subfield>
    <subfield code="i">fc19 2019-12-09 Telework</subfield>
    <subfield code="a">fc05 2019-12-26 (rev.)</subfield>
    <subfield code="a">fc19 2020-01-02 (corrections) to CALM</subfield>
  </datafield>
  <datafield tag="010" ind1=" " ind2=" ">
    <subfield code="a">  2019453095</subfield>
  </datafield>
  <datafield tag="020" ind1=" " ind2=" ">
    <subfield code="a">9788393883370</subfield>
  </datafield>
  <datafield tag="020" ind1=" " ind2=" ">
    <subfield code="a">8393883377</subfield>
  </datafield>
  <datafield tag="035" ind1=" " ind2=" ">
    <subfield code="a">(OCoLC)on1120743027</subfield>
  </datafield>
  <datafield tag="040" ind1=" " ind2=" ">
    <subfield code="a">STF</subfield>
    <subfield code="b">eng</subfield>
    <subfield code="c">STF</subfield>
    <subfield code="e">rda</subfield>
    <subfield code="d">OCLCF</subfield>
    <subfield code="d">DLC</subfield>
  </datafield>
  <datafield tag="042" ind1=" " ind2=" ">
    <subfield code="a">lccopycat</subfield>
  </datafield>
  <datafield tag="043" ind1=" " ind2=" ">
    <subfield code="a">e-pl---</subfield>
  </datafield>
  <datafield tag="050" ind1="0" ind2="0">
    <subfield code="a">DK4800.L785</subfield>
    <subfield code="b">L83 2017</subfield>
  </datafield>
  <datafield tag="111" ind1="2" ind2=" ">
    <subfield code="a">Lublin w Kulturze, Kultura w Lublinie--Dziedzictwo Kulturowe Miasta od Średniowiecza do Współczesności (Conference)</subfield>
    <subfield code="d">(2017 :</subfield>
    <subfield code="c">Lublin, Poland),</subfield>
    <subfield code="j">author.</subfield>
  </datafield>
  <datafield tag="245" ind1="1" ind2="0">
    <subfield code="a">Lublin w kulturze, kultura w Lublinie :</subfield>
    <subfield code="b">dziedzictwo kulturowe miasta od średniowiecza do współczesności /</subfield>
    <subfield code="c">pod redakcją Piotra Dymmela i Roberta Jopa.</subfield>
  </datafield>
  <datafield tag="264" ind1=" " ind2="1">
    <subfield code="a">Lublin :</subfield>
    <subfield code="b">Archiwum Państwowe w Lublinie,</subfield>
    <subfield code="c">2018.</subfield>
  </datafield>
  <datafield tag="264" ind1=" " ind2="4">
    <subfield code="c">©2018</subfield>
  </datafield>
  <datafield tag="300" ind1=" " ind2=" ">
    <subfield code="a">606 pages :</subfield>
    <subfield code="b">illustrations (some color) ;</subfield>
    <subfield code="c">25 cm</subfield>
  </datafield>
  <datafield tag="336" ind1=" " ind2=" ">
    <subfield code="a">text</subfield>
    <subfield code="b">txt</subfield>
    <subfield code="2">rdacontent</subfield>
  </datafield>
  <datafield tag="337" ind1=" " ind2=" ">
    <subfield code="a">unmediated</subfield>
    <subfield code="b">n</subfield>
    <subfield code="2">rdamedia</subfield>
  </datafield>
  <datafield tag="338" ind1=" " ind2=" ">
    <subfield code="a">volume</subfield>
    <subfield code="b">nc</subfield>
    <subfield code="2">rdacarrier</subfield>
  </datafield>
  <datafield tag="500" ind1=" " ind2=" ">
    <subfield code="a">&quot;W ramach obchodów 700-lecia miasta zasadniczą inicjatywą Archiwum Państwowego w Lublinie była organizacja konferencji poświęconej dziedzictwu kulturowemu Lublina. Odbyła się ona w dniach 25-26 V 2017 r. pt. &apos;Lublin w kulturze - kultura w Lublinie. Dziedzictwo kulturowe miasta od średniowiecza do współczesności&apos; ... Niniejsza publikacja jest pokłosiem wspomnianej wyżej konferencji.&quot;--Page 12.</subfield>
  </datafield>
  <datafield tag="504" ind1=" " ind2=" ">
    <subfield code="a">Includes bibliographical references.</subfield>
  </datafield>
  <datafield tag="651" ind1=" " ind2="0">
    <subfield code="a">Lublin (Poland)</subfield>
    <subfield code="x">Civilization</subfield>
    <subfield code="v">Congresses.</subfield>
  </datafield>
  <datafield tag="651" ind1=" " ind2="0">
    <subfield code="a">Lublin (Poland)</subfield>
    <subfield code="x">History</subfield>
    <subfield code="v">Congresses.</subfield>
  </datafield>
  <datafield tag="651" ind1=" " ind2="0">
    <subfield code="a">Lublin (Poland)</subfield>
    <subfield code="x">Intellectual life</subfield>
    <subfield code="v">Congresses.</subfield>
  </datafield>
  <datafield tag="650" ind1=" " ind2="0">
    <subfield code="a">Architecture</subfield>
    <subfield code="z">Poland</subfield>
    <subfield code="z">Lublin</subfield>
    <subfield code="v">Congresses.</subfield>
  </datafield>
  <datafield tag="650" ind1=" " ind2="7">
    <subfield code="a">Architecture.</subfield>
    <subfield code="2">fast</subfield>
    <subfield code="0">(OCoLC)fst00813346</subfield>
  </datafield>
  <datafield tag="650" ind1=" " ind2="7">
    <subfield code="a">Civilization.</subfield>
    <subfield code="2">fast</subfield>
    <subfield code="0">(OCoLC)fst00862898</subfield>
  </datafield>
  <datafield tag="650" ind1=" " ind2="7">
    <subfield code="a">Intellectual life.</subfield>
    <subfield code="2">fast</subfield>
    <subfield code="0">(OCoLC)fst00975769</subfield>
  </datafield>
  <datafield tag="651" ind1=" " ind2="7">
    <subfield code="a">Poland</subfield>
    <subfield code="z">Lublin.</subfield>
    <subfield code="2">fast</subfield>
    <subfield code="0">(OCoLC)fst01206018</subfield>
  </datafield>
  <datafield tag="655" ind1=" " ind2="7">
    <subfield code="a">Conference papers and proceedings.</subfield>
    <subfield code="2">fast</subfield>
    <subfield code="0">(OCoLC)fst01423772</subfield>
  </datafield>
  <datafield tag="655" ind1=" " ind2="7">
    <subfield code="a">History.</subfield>
    <subfield code="2">fast</subfield>
    <subfield code="0">(OCoLC)fst01411628</subfield>
  </datafield>
  <datafield tag="655" ind1=" " ind2="7">
    <subfield code="a">Conference papers and proceedings.</subfield>
    <subfield code="2">lcgft</subfield>
  </datafield>
  <datafield tag="700" ind1="1" ind2=" ">
    <subfield code="a">Dymmel, Piotr,</subfield>
    <subfield code="d">1954-</subfield>
    <subfield code="e">editor.</subfield>
  </datafield>
  <datafield tag="700" ind1="1" ind2=" ">
    <subfield code="a">Jop, Robert,</subfield>
    <subfield code="e">editor.</subfield>
  </datafield>
  <datafield tag="923" ind1=" " ind2=" ">
    <subfield code="d">190708</subfield>
    <subfield code="n">193161/LC/122</subfield>
    <subfield code="s">PlWaKWL</subfield>
  </datafield>
  <datafield tag="985" ind1=" " ind2=" ">
    <subfield code="e">VENDOR LOAD</subfield>
  </datafield>
</record>