
<record>
  <leader>02817cam a22004575i 4500</leader>
  <controlfield tag="001">21269789</controlfield>
  <controlfield tag="005">20200102112411.0</controlfield>
  <controlfield tag="008">191025s2014    pl       b    001 0 eng d</controlfield>
  <datafield tag="906" ind1=" " ind2=" ">
    <subfield code="a">0</subfield>
    <subfield code="b">ibc</subfield>
    <subfield code="c">copycat</subfield>
    <subfield code="d">3</subfield>
    <subfield code="e">ncip</subfield>
    <subfield code="f">20</subfield>
    <subfield code="g">y-gencatlg</subfield>
  </datafield>
  <datafield tag="925" ind1="0" ind2=" ">
    <subfield code="a">acquire</subfield>
    <subfield code="b">1 shelf copy</subfield>
    <subfield code="x">policy default</subfield>
  </datafield>
  <datafield tag="955" ind1=" " ind2=" ">
    <subfield code="b">fc19 2019-10-25 z-processor</subfield>
    <subfield code="a">fc00 2019-12-20 to GS/ECE</subfield>
    <subfield code="i">fc19 2019-12-20 Telework</subfield>
  </datafield>
  <datafield tag="010" ind1=" " ind2=" ">
    <subfield code="a">  2019453154</subfield>
  </datafield>
  <datafield tag="020" ind1=" " ind2=" ">
    <subfield code="a">9788323336990</subfield>
  </datafield>
  <datafield tag="020" ind1=" " ind2=" ">
    <subfield code="a">8323336997</subfield>
  </datafield>
  <datafield tag="035" ind1=" " ind2=" ">
    <subfield code="a">(OCoLC)ocn891031161</subfield>
  </datafield>
  <datafield tag="040" ind1=" " ind2=" ">
    <subfield code="a">ERASA</subfield>
    <subfield code="b">eng</subfield>
    <subfield code="e">rda</subfield>
    <subfield code="c">ERASA</subfield>
    <subfield code="d">UAB</subfield>
    <subfield code="d">IUL</subfield>
    <subfield code="d">OCLCF</subfield>
    <subfield code="d">OCLCQ</subfield>
    <subfield code="d">OCL</subfield>
    <subfield code="d">DLC</subfield>
  </datafield>
  <datafield tag="042" ind1=" " ind2=" ">
    <subfield code="a">lccopycat</subfield>
  </datafield>
  <datafield tag="043" ind1=" " ind2=" ">
    <subfield code="a">e-sw---</subfield>
  </datafield>
  <datafield tag="050" ind1="0" ind2="0">
    <subfield code="a">DL725</subfield>
    <subfield code="b">.P9357 2014</subfield>
  </datafield>
  <datafield tag="100" ind1="1" ind2=" ">
    <subfield code="a">Krawczuk, Wojciech,</subfield>
    <subfield code="e">author.</subfield>
  </datafield>
  <datafield tag="245" ind1="1" ind2="0">
    <subfield code="a">Samuel Pufendorf and some stories of the Northern War 1655-1660 /</subfield>
    <subfield code="c">Wojciech Krawczuk.</subfield>
  </datafield>
  <datafield tag="250" ind1=" " ind2=" ">
    <subfield code="a">First edition.</subfield>
  </datafield>
  <datafield tag="264" ind1=" " ind2="1">
    <subfield code="a">Kraków :</subfield>
    <subfield code="b">Jagiellonian University Press,</subfield>
    <subfield code="c">2014.</subfield>
  </datafield>
  <datafield tag="300" ind1=" " ind2=" ">
    <subfield code="a">162 pages ;</subfield>
    <subfield code="c">24 cm.</subfield>
  </datafield>
  <datafield tag="336" ind1=" " ind2=" ">
    <subfield code="a">text</subfield>
    <subfield code="b">txt</subfield>
    <subfield code="2">rdacontent</subfield>
  </datafield>
  <datafield tag="337" ind1=" " ind2=" ">
    <subfield code="a">unmediated</subfield>
    <subfield code="b">n</subfield>
    <subfield code="2">rdamedia</subfield>
  </datafield>
  <datafield tag="338" ind1=" " ind2=" ">
    <subfield code="a">volume</subfield>
    <subfield code="b">nc</subfield>
    <subfield code="2">rdacarrier</subfield>
  </datafield>
  <datafield tag="490" ind1="1" ind2=" ">
    <subfield code="a">Jagiellonian studies in history ;</subfield>
    <subfield code="v">Vol. 5</subfield>
  </datafield>
  <datafield tag="504" ind1=" " ind2=" ">
    <subfield code="a">Includes bibliographical references (pages 143-155) and index.</subfield>
  </datafield>
  <datafield tag="520" ind1="8" ind2=" ">
    <subfield code="a">&quot;The treatise was meant as an analysis of problems connected with the monumental work of Samuel Pufendorf on the reign of Charles X Gustav, King of Sweden. Printed in Nuremberg in 1696, it has not been systematically explored so far. The book of Pufendorf continues to surprise, allows one to re-read the great conflict, known as the Second Northern War, which influenced a large part of Europe. Many legends and myths relate to this dramatic era, some of which are supported by the data contained in the Pufendorf&apos;s book, and others may be challenged on the basis of his account. Wojciech Krawczuk&apos;s study is mainly devoted to the military history, but it also touches upon other topics, to wit the history of diplomacy and bureaucracy or the research on the early modern cultural landscape.&quot;--</subfield>
    <subfield code="c">Provided by publisher.</subfield>
  </datafield>
  <datafield tag="600" ind1="1" ind2="0">
    <subfield code="a">Pufendorf, Samuel,</subfield>
    <subfield code="c">Freiherr von,</subfield>
    <subfield code="d">1632-1694.</subfield>
    <subfield code="t">Samuelis liberi baronis de Pufendorf De rebus a Carolo Gustavo Sveciæ rege gestis commentariorum libri septem elegantissimis tabulis æneis exornati cum triplici indice.</subfield>
  </datafield>
  <datafield tag="600" ind1="0" ind2="0">
    <subfield code="a">Charles</subfield>
    <subfield code="b">X Gustav,</subfield>
    <subfield code="c">King of Sweden,</subfield>
    <subfield code="d">1622-1660.</subfield>
  </datafield>
  <datafield tag="650" ind1=" " ind2="0">
    <subfield code="a">Swedish-Polish War, 1655-1660.</subfield>
  </datafield>
  <datafield tag="651" ind1=" " ind2="0">
    <subfield code="a">Sweden</subfield>
    <subfield code="x">History</subfield>
    <subfield code="y">1523-1718.</subfield>
  </datafield>
  <datafield tag="600" ind1="0" ind2="7">
    <subfield code="a">Charles</subfield>
    <subfield code="b">X Gustav,</subfield>
    <subfield code="c">King of Sweden,</subfield>
    <subfield code="d">1622-1660.</subfield>
    <subfield code="2">fast</subfield>
    <subfield code="0">(OCoLC)fst00019403</subfield>
  </datafield>
  <datafield tag="600" ind1="1" ind2="7">
    <subfield code="a">Pufendorf, Samuel,</subfield>
    <subfield code="c">Freiherr von,</subfield>
    <subfield code="d">1632-1694.</subfield>
    <subfield code="2">fast</subfield>
    <subfield code="0">(OCoLC)fst00034626</subfield>
  </datafield>
  <datafield tag="611" ind1="2" ind2="7">
    <subfield code="a">Swedish-Polish War (1655-1660)</subfield>
    <subfield code="2">fast</subfield>
    <subfield code="0">(OCoLC)fst01140209</subfield>
  </datafield>
  <datafield tag="651" ind1=" " ind2="7">
    <subfield code="a">Sweden.</subfield>
    <subfield code="2">fast</subfield>
    <subfield code="0">(OCoLC)fst01204537</subfield>
  </datafield>
  <datafield tag="648" ind1=" " ind2="7">
    <subfield code="a">1523-1718</subfield>
    <subfield code="2">fast</subfield>
  </datafield>
  <datafield tag="655" ind1=" " ind2="7">
    <subfield code="a">History.</subfield>
    <subfield code="2">fast</subfield>
    <subfield code="0">(OCoLC)fst01411628</subfield>
  </datafield>
  <datafield tag="830" ind1=" " ind2="0">
    <subfield code="a">Jagiellonian studies in history ;</subfield>
    <subfield code="v">v. 5.</subfield>
  </datafield>
</record>