
<record>
  <leader>02418cam a22003738i 4500</leader>
  <controlfield tag="001">21273025</controlfield>
  <controlfield tag="005">20200102063922.0</controlfield>
  <controlfield tag="008">191028s2020    vtu      b    001 0 eng  </controlfield>
  <datafield tag="906" ind1=" " ind2=" ">
    <subfield code="a">7</subfield>
    <subfield code="b">rip</subfield>
    <subfield code="c">orignew</subfield>
    <subfield code="d">1</subfield>
    <subfield code="e">ecip</subfield>
    <subfield code="f">20</subfield>
    <subfield code="g">y-gencatlg</subfield>
  </datafield>
  <datafield tag="925" ind1="0" ind2=" ">
    <subfield code="a">acquire</subfield>
    <subfield code="b">1 shelf copy</subfield>
    <subfield code="x">policy default</subfield>
  </datafield>
  <datafield tag="955" ind1=" " ind2=" ">
    <subfield code="b">rl11 2019-10-28</subfield>
    <subfield code="i">rl11 2019-10-28 to Dewey</subfield>
    <subfield code="w">xm08 2019-10-30</subfield>
    <subfield code="a">rl12 2020-01-02</subfield>
  </datafield>
  <datafield tag="010" ind1=" " ind2=" ">
    <subfield code="a">  2019049737</subfield>
  </datafield>
  <datafield tag="020" ind1=" " ind2=" ">
    <subfield code="a">9781603589543</subfield>
    <subfield code="q">(paperback)</subfield>
  </datafield>
  <datafield tag="020" ind1=" " ind2=" ">
    <subfield code="z">9781603589550</subfield>
    <subfield code="q">(ebook)</subfield>
  </datafield>
  <datafield tag="040" ind1=" " ind2=" ">
    <subfield code="a">DLC</subfield>
    <subfield code="b">eng</subfield>
    <subfield code="e">rda</subfield>
    <subfield code="c">DLC</subfield>
    <subfield code="d">DLC</subfield>
  </datafield>
  <datafield tag="041" ind1="1" ind2=" ">
    <subfield code="a">eng</subfield>
    <subfield code="h">ger</subfield>
  </datafield>
  <datafield tag="042" ind1=" " ind2=" ">
    <subfield code="a">pcc</subfield>
  </datafield>
  <datafield tag="050" ind1="0" ind2="0">
    <subfield code="a">RK61</subfield>
    <subfield code="b">.N5613 2020</subfield>
  </datafield>
  <datafield tag="082" ind1="0" ind2="0">
    <subfield code="a">617.6/01</subfield>
    <subfield code="2">23</subfield>
  </datafield>
  <datafield tag="100" ind1="1" ind2=" ">
    <subfield code="a">Nischwitz, Dominik,</subfield>
    <subfield code="e">author.</subfield>
  </datafield>
  <datafield tag="240" ind1="1" ind2="0">
    <subfield code="a">In aller Munde</subfield>
    <subfield code="l">English.</subfield>
  </datafield>
  <datafield tag="245" ind1="1" ind2="0">
    <subfield code="a">It&apos;s all in your mouth :</subfield>
    <subfield code="b">biological dentistry and the surprising impact of oral health on whole body wellness /</subfield>
    <subfield code="c">Dr. Dominik Nischwitz, Holly James ; translated by Holly James.</subfield>
  </datafield>
  <datafield tag="263" ind1=" " ind2=" ">
    <subfield code="a">2003</subfield>
  </datafield>
  <datafield tag="264" ind1=" " ind2="1">
    <subfield code="a">White River Junction :</subfield>
    <subfield code="b">Chelsea Green Publishing,</subfield>
    <subfield code="c">[2020]</subfield>
  </datafield>
  <datafield tag="300" ind1=" " ind2=" ">
    <subfield code="a">pages cm</subfield>
  </datafield>
  <datafield tag="336" ind1=" " ind2=" ">
    <subfield code="a">text</subfield>
    <subfield code="b">txt</subfield>
    <subfield code="2">rdacontent</subfield>
  </datafield>
  <datafield tag="337" ind1=" " ind2=" ">
    <subfield code="a">unmediated</subfield>
    <subfield code="b">n</subfield>
    <subfield code="2">rdamedia</subfield>
  </datafield>
  <datafield tag="338" ind1=" " ind2=" ">
    <subfield code="a">volume</subfield>
    <subfield code="b">nc</subfield>
    <subfield code="2">rdacarrier</subfield>
  </datafield>
  <datafield tag="520" ind1=" " ind2=" ">
    <subfield code="a">&quot;Our mouths are not just for smiling, our teeth are involved in more than merely chewing, and our tongues do far more than taste and swallow. In fact, the mouth cavity is a critical ecosystem and central to the health of the entire body. This view of dentistry is central to European biological medicine but is considered radical in the United States where conventional dental practices view the mouth as an isolated entity. In It&apos;s All in Your Mouth, Dr. Dominik Nischwitz brings this sensible and crucial view of oral health to an American audience. A diseased mouth will lead to a diseased body. In fact, inflammation, chronic fatigue, obesity, heart disease, stroke, Alzheimer&apos;s disease, and cancer all have roots in the mouth. Using the latest scientific research, Dr. Dominik Nischwitz tells us everything we never knew about our teeth and how we can care for them in a way that nurtures and supports whole body wellness&quot;--</subfield>
    <subfield code="c">Provided by publisher.</subfield>
  </datafield>
  <datafield tag="504" ind1=" " ind2=" ">
    <subfield code="a">Includes bibliographical references and index.</subfield>
  </datafield>
  <datafield tag="650" ind1=" " ind2="0">
    <subfield code="a">Teeth</subfield>
    <subfield code="x">Care and hygiene.</subfield>
  </datafield>
  <datafield tag="650" ind1=" " ind2="0">
    <subfield code="a">Mouth</subfield>
    <subfield code="x">Care and hygiene.</subfield>
  </datafield>
  <datafield tag="650" ind1=" " ind2="0">
    <subfield code="a">Dental care.</subfield>
  </datafield>
  <datafield tag="776" ind1="0" ind2="8">
    <subfield code="i">Online version:</subfield>
    <subfield code="a">Nischwitz, Dominik,</subfield>
    <subfield code="t">It&apos;s all in your mouth</subfield>
    <subfield code="d">White River Junction : Chelsea Green Publishing, 2020.</subfield>
    <subfield code="z">9781603589543</subfield>
    <subfield code="w">(DLC) 2019049738</subfield>
  </datafield>
</record>