
<record>
  <leader>03500cjm a2200685 a 4500</leader>
  <controlfield tag="001">21273827</controlfield>
  <controlfield tag="005">20200102170252.0</controlfield>
  <controlfield tag="007">sd fsngnnmmned</controlfield>
  <controlfield tag="008">191029p19931992sw zzn|  defi     | ger d</controlfield>
  <datafield tag="906" ind1=" " ind2=" ">
    <subfield code="a">7</subfield>
    <subfield code="b">cbc</subfield>
    <subfield code="c">copycat</subfield>
    <subfield code="d">2</subfield>
    <subfield code="e">ncip</subfield>
    <subfield code="f">20</subfield>
    <subfield code="g">y-soundrec</subfield>
  </datafield>
  <datafield tag="925" ind1="0" ind2=" ">
    <subfield code="a">acquire</subfield>
    <subfield code="b">2 shelf copies</subfield>
    <subfield code="x">policy default</subfield>
  </datafield>
  <datafield tag="955" ind1=" " ind2=" ">
    <subfield code="a">qr12 2019-10-29 z-client</subfield>
    <subfield code="i">qr12 2019-10-29</subfield>
  </datafield>
  <datafield tag="010" ind1=" " ind2=" ">
    <subfield code="a">  2019629158</subfield>
  </datafield>
  <datafield tag="028" ind1="0" ind2="2">
    <subfield code="a">PSCD 68</subfield>
    <subfield code="b">Phono Suecia</subfield>
  </datafield>
  <datafield tag="033" ind1="2" ind2=" ">
    <subfield code="a">19920817</subfield>
    <subfield code="a">19930610</subfield>
    <subfield code="b">6954</subfield>
    <subfield code="c">S7</subfield>
  </datafield>
  <datafield tag="035" ind1=" " ind2=" ">
    <subfield code="a">(OCoLC)ocm31860878</subfield>
  </datafield>
  <datafield tag="040" ind1=" " ind2=" ">
    <subfield code="a">WCM</subfield>
    <subfield code="b">eng</subfield>
    <subfield code="c">WCM</subfield>
    <subfield code="d">OCLCG</subfield>
    <subfield code="d">OCLCQ</subfield>
    <subfield code="d">OCLCF</subfield>
    <subfield code="d">OCLCQ</subfield>
    <subfield code="d">OCLCO</subfield>
    <subfield code="d">OCLCQ</subfield>
    <subfield code="d">MNG</subfield>
    <subfield code="d">OCLCA</subfield>
    <subfield code="d">MNG</subfield>
    <subfield code="d">DLC</subfield>
  </datafield>
  <datafield tag="041" ind1="0" ind2=" ">
    <subfield code="d">ger</subfield>
    <subfield code="d">eng</subfield>
    <subfield code="e">ger</subfield>
    <subfield code="e">eng</subfield>
    <subfield code="e">swe</subfield>
    <subfield code="g">eng</subfield>
    <subfield code="g">swe</subfield>
  </datafield>
  <datafield tag="042" ind1=" " ind2=" ">
    <subfield code="a">lccopycat</subfield>
  </datafield>
  <datafield tag="050" ind1="0" ind2="0">
    <subfield code="a">SDD 29883</subfield>
  </datafield>
  <datafield tag="100" ind1="1" ind2=" ">
    <subfield code="a">Jennefelt, Thomas,</subfield>
    <subfield code="d">1954-</subfield>
  </datafield>
  <datafield tag="240" ind1="1" ind2="0">
    <subfield code="a">Works.</subfield>
    <subfield code="k">Selections</subfield>
  </datafield>
  <datafield tag="245" ind1="1" ind2="0">
    <subfield code="a">Dichterliebe I-X ;</subfield>
    <subfield code="b">Musik vid ett berg ; Musik till en katedralbyggare ; Warning to the rich /</subfield>
    <subfield code="c">Thomas Jennefelt.</subfield>
  </datafield>
  <datafield tag="246" ind1="3" ind2=" ">
    <subfield code="a">Musik vid ett berg</subfield>
  </datafield>
  <datafield tag="246" ind1="3" ind2=" ">
    <subfield code="a">Musik till en katedralbyggare</subfield>
  </datafield>
  <datafield tag="246" ind1="3" ind2=" ">
    <subfield code="a">Warning to the rich</subfield>
  </datafield>
  <datafield tag="260" ind1=" " ind2=" ">
    <subfield code="a">Stockholm :</subfield>
    <subfield code="b">Phono Suecia,</subfield>
    <subfield code="c">℗1993.</subfield>
  </datafield>
  <datafield tag="300" ind1=" " ind2=" ">
    <subfield code="a">1 audio disc (72:06) :</subfield>
    <subfield code="b">digital, stereo ;</subfield>
    <subfield code="c">4 3/4 in.</subfield>
  </datafield>
  <datafield tag="306" ind1=" " ind2=" ">
    <subfield code="a">002735</subfield>
    <subfield code="a">001520</subfield>
    <subfield code="a">001942</subfield>
    <subfield code="a">000912</subfield>
  </datafield>
  <datafield tag="336" ind1=" " ind2=" ">
    <subfield code="a">performed music</subfield>
    <subfield code="b">prm</subfield>
    <subfield code="2">rdacontent</subfield>
  </datafield>
  <datafield tag="337" ind1=" " ind2=" ">
    <subfield code="a">audio</subfield>
    <subfield code="b">s</subfield>
    <subfield code="2">rdamedia</subfield>
  </datafield>
  <datafield tag="338" ind1=" " ind2=" ">
    <subfield code="a">audio disc</subfield>
    <subfield code="b">sd</subfield>
    <subfield code="2">rdacarrier</subfield>
  </datafield>
  <datafield tag="500" ind1=" " ind2=" ">
    <subfield code="a">The 1st work for unaccompanied chorus; the 2nd work for orchestra; the 3rd work for flute, clarinet, violin, violoncello, and piano; the 4th work for mixed choir a capella and baritone solo.</subfield>
  </datafield>
  <datafield tag="511" ind1="0" ind2=" ">
    <subfield code="a">Swedish Radio Choir ; Gustaf Sjökvist, conductor (1st work) ; Swedish Radio Symphony Orchestra ; Hannu Koivula, conductor (2nd work) ; Sonanza (3rd work) ; Karl-Magnus Fredriksson, baritone ; Chamber Choir of the Royal University College of Music in Stockholm ; Gustaf Sjökvist, conductor (4th work).</subfield>
  </datafield>
  <datafield tag="518" ind1=" " ind2=" ">
    <subfield code="a">Recorded in Studio 2, Radiohuset, Stockholm on Aug. 17, 19-20, 1992 (1st work), May 20-21, 1993 (3rd work), June 10, 1993 (4th work), and live in Berwald Hall, Oct. 10, 1992 (2nd work).</subfield>
  </datafield>
  <datafield tag="500" ind1=" " ind2=" ">
    <subfield code="a">Compact disc.</subfield>
  </datafield>
  <datafield tag="500" ind1=" " ind2=" ">
    <subfield code="a">Durations: 27:35 ; 15:20 ; 19:42 ; 9:12.</subfield>
  </datafield>
  <datafield tag="500" ind1=" " ind2=" ">
    <subfield code="a">Program notes in Swedish and English and vocal texts with translations (22 p.) in container.</subfield>
  </datafield>
  <datafield tag="650" ind1=" " ind2="0">
    <subfield code="a">Choruses, Secular (Mixed voices), Unaccompanied.</subfield>
  </datafield>
  <datafield tag="650" ind1=" " ind2="0">
    <subfield code="a">Orchestral music.</subfield>
  </datafield>
  <datafield tag="650" ind1=" " ind2="0">
    <subfield code="a">Quintets (Piano, clarinet, flute, violin, cello)</subfield>
  </datafield>
  <datafield tag="650" ind1=" " ind2="0">
    <subfield code="a">Choruses, Sacred (Mixed voices), Unaccompanied.</subfield>
  </datafield>
  <datafield tag="650" ind1=" " ind2="7">
    <subfield code="a">Choruses, Sacred (Mixed voices), Unaccompanied.</subfield>
    <subfield code="2">fast</subfield>
    <subfield code="0">(OCoLC)fst00858730</subfield>
  </datafield>
  <datafield tag="650" ind1=" " ind2="7">
    <subfield code="a">Choruses, Secular (Mixed voices), Unaccompanied.</subfield>
    <subfield code="2">fast</subfield>
    <subfield code="0">(OCoLC)fst00858819</subfield>
  </datafield>
  <datafield tag="650" ind1=" " ind2="7">
    <subfield code="a">Orchestral music.</subfield>
    <subfield code="2">fast</subfield>
    <subfield code="0">(OCoLC)fst01047289</subfield>
  </datafield>
  <datafield tag="650" ind1=" " ind2="7">
    <subfield code="a">Quintets (Piano, clarinet, flute, violin, cello)</subfield>
    <subfield code="2">fast</subfield>
    <subfield code="0">(OCoLC)fst01861283</subfield>
  </datafield>
  <datafield tag="700" ind1="1" ind2=" ">
    <subfield code="a">Sjökvist, Gustaf,</subfield>
    <subfield code="d">1943-2015.</subfield>
    <subfield code="4">cnd</subfield>
  </datafield>
  <datafield tag="700" ind1="1" ind2=" ">
    <subfield code="a">Koivula, Hannu.</subfield>
    <subfield code="4">cnd</subfield>
  </datafield>
  <datafield tag="700" ind1="1" ind2=" ">
    <subfield code="a">Fredriksson, Karl-Magnus.</subfield>
    <subfield code="4">prf</subfield>
  </datafield>
  <datafield tag="700" ind1="1" ind2="2">
    <subfield code="a">Jennefelt, Thomas,</subfield>
    <subfield code="d">1954-</subfield>
    <subfield code="t">Dichterliebe.</subfield>
  </datafield>
  <datafield tag="700" ind1="1" ind2="2">
    <subfield code="a">Jennefelt, Thomas,</subfield>
    <subfield code="d">1954-</subfield>
    <subfield code="t">Musik vid ett berg.</subfield>
  </datafield>
  <datafield tag="700" ind1="1" ind2="2">
    <subfield code="a">Jennefelt, Thomas,</subfield>
    <subfield code="d">1954-</subfield>
    <subfield code="t">Musik till en katedralbyggare.</subfield>
  </datafield>
  <datafield tag="700" ind1="1" ind2="2">
    <subfield code="a">Jennefelt, Thomas,</subfield>
    <subfield code="d">1954-</subfield>
    <subfield code="t">Warning to the rich.</subfield>
  </datafield>
  <datafield tag="710" ind1="2" ind2=" ">
    <subfield code="a">Sveriges radioskören.</subfield>
    <subfield code="4">prf</subfield>
  </datafield>
  <datafield tag="710" ind1="2" ind2=" ">
    <subfield code="a">Sveriges radios symfoniorkester.</subfield>
    <subfield code="4">prf</subfield>
  </datafield>
  <datafield tag="710" ind1="2" ind2=" ">
    <subfield code="a">Sonanza (Musical group)</subfield>
    <subfield code="4">prf</subfield>
  </datafield>
  <datafield tag="710" ind1="2" ind2=" ">
    <subfield code="a">Musikhögskolan i Stockholm.</subfield>
    <subfield code="b">Kammarkör.</subfield>
    <subfield code="4">prf</subfield>
  </datafield>
  <datafield tag="740" ind1="0" ind2="2">
    <subfield code="a">Musik vid ett berg.</subfield>
  </datafield>
  <datafield tag="740" ind1="0" ind2="2">
    <subfield code="a">Musik till en katedralbyggare.</subfield>
  </datafield>
  <datafield tag="740" ind1="0" ind2="2">
    <subfield code="a">Warning to the rich.</subfield>
  </datafield>
</record>