
<record>
  <leader>05495cam a22007691i 4500</leader>
  <controlfield tag="001">21279955</controlfield>
  <controlfield tag="005">20200102111605.0</controlfield>
  <controlfield tag="008">191030t20162016nyuaf    b    001 0 eng d</controlfield>
  <datafield tag="906" ind1=" " ind2=" ">
    <subfield code="a">7</subfield>
    <subfield code="b">cbc</subfield>
    <subfield code="c">copycat</subfield>
    <subfield code="d">2</subfield>
    <subfield code="e">ncip</subfield>
    <subfield code="f">20</subfield>
    <subfield code="g">y-gencatlg</subfield>
  </datafield>
  <datafield tag="925" ind1="0" ind2=" ">
    <subfield code="a">acquire</subfield>
    <subfield code="b">2 shelf copies</subfield>
    <subfield code="x">policy default</subfield>
  </datafield>
  <datafield tag="955" ind1=" " ind2=" ">
    <subfield code="b">rn45 2019-10-30 z-processor 1 copy to USASH</subfield>
    <subfield code="a">re06 2019-11-04</subfield>
    <subfield code="i">re06 2020-01-02 (telework)</subfield>
  </datafield>
  <datafield tag="010" ind1=" " ind2=" ">
    <subfield code="a">  2018278233</subfield>
  </datafield>
  <datafield tag="020" ind1=" " ind2=" ">
    <subfield code="a">9781620408025</subfield>
    <subfield code="q">(HB)</subfield>
  </datafield>
  <datafield tag="020" ind1=" " ind2=" ">
    <subfield code="z">9781620408032</subfield>
    <subfield code="q">(ePub)</subfield>
  </datafield>
  <datafield tag="024" ind1="3" ind2=" ">
    <subfield code="a">9781620408025</subfield>
  </datafield>
  <datafield tag="035" ind1=" " ind2=" ">
    <subfield code="a">(OCoLC)ocn889164325</subfield>
  </datafield>
  <datafield tag="037" ind1=" " ind2=" ">
    <subfield code="b">St Martins Pr, C/O Mps 16365 James Madison Hwy Us Hwy 15, Gordonsville, VA, USA, 22942, (212)6745151</subfield>
    <subfield code="n">SAN 631-5011</subfield>
  </datafield>
  <datafield tag="040" ind1=" " ind2=" ">
    <subfield code="a">YDXCP</subfield>
    <subfield code="b">eng</subfield>
    <subfield code="c">YDXCP</subfield>
    <subfield code="e">rda</subfield>
    <subfield code="d">BTCTA</subfield>
    <subfield code="d">BDX</subfield>
    <subfield code="d">GK8</subfield>
    <subfield code="d">PX0</subfield>
    <subfield code="d">VTL</subfield>
    <subfield code="d">OCP</subfield>
    <subfield code="d">SFR</subfield>
    <subfield code="d">OCLCF</subfield>
    <subfield code="d">RCJ</subfield>
    <subfield code="d">DAC</subfield>
    <subfield code="d">COO</subfield>
    <subfield code="d">VP@</subfield>
    <subfield code="d">NGU</subfield>
    <subfield code="d">LMR</subfield>
    <subfield code="d">OCLCA</subfield>
    <subfield code="d">OCL</subfield>
    <subfield code="d">IGP</subfield>
    <subfield code="d">LNT</subfield>
    <subfield code="d">BEDGE</subfield>
    <subfield code="d">OBE</subfield>
    <subfield code="d">NZGPL</subfield>
    <subfield code="d">DEBSZ</subfield>
    <subfield code="d">ZLM</subfield>
    <subfield code="d">WHCCD</subfield>
    <subfield code="d">IGA</subfield>
    <subfield code="d">CHVBK</subfield>
    <subfield code="d">OCLCO</subfield>
    <subfield code="d">S3O</subfield>
    <subfield code="d">OCLCQ</subfield>
    <subfield code="d">OCLCA</subfield>
    <subfield code="d">DHA</subfield>
    <subfield code="d">IBE</subfield>
    <subfield code="d">OCLCQ</subfield>
    <subfield code="d">HLS</subfield>
    <subfield code="d">OCLCQ</subfield>
    <subfield code="d">CCH</subfield>
    <subfield code="d">OWK</subfield>
    <subfield code="d">JDP</subfield>
    <subfield code="d">OCLCQ</subfield>
    <subfield code="d">UKMGB</subfield>
    <subfield code="d">TX7</subfield>
    <subfield code="d">CUI</subfield>
    <subfield code="d">DKC</subfield>
    <subfield code="d">OCLCQ</subfield>
    <subfield code="d">DLC</subfield>
  </datafield>
  <datafield tag="042" ind1=" " ind2=" ">
    <subfield code="a">lccopycat</subfield>
  </datafield>
  <datafield tag="082" ind1="0" ind2="4">
    <subfield code="a">025</subfield>
    <subfield code="2">23</subfield>
  </datafield>
  <datafield tag="050" ind1="0" ind2="0">
    <subfield code="a">Z665</subfield>
    <subfield code="b">.R86 2016</subfield>
  </datafield>
  <datafield tag="100" ind1="1" ind2=" ">
    <subfield code="a">Rumsey, Abby Smith,</subfield>
    <subfield code="e">author.</subfield>
  </datafield>
  <datafield tag="245" ind1="1" ind2="0">
    <subfield code="a">When we are no more :</subfield>
    <subfield code="b">how digital memory is shaping our future /</subfield>
    <subfield code="c">Abby Smith Rumsey.</subfield>
  </datafield>
  <datafield tag="246" ind1="3" ind2="0">
    <subfield code="a">How digital memory is shaping our future</subfield>
  </datafield>
  <datafield tag="264" ind1=" " ind2="1">
    <subfield code="a">New York, NY, USA :</subfield>
    <subfield code="b">Bloomsbury Press,</subfield>
    <subfield code="c">2016.</subfield>
  </datafield>
  <datafield tag="264" ind1=" " ind2="4">
    <subfield code="c">©2016</subfield>
  </datafield>
  <datafield tag="300" ind1=" " ind2=" ">
    <subfield code="a">229 pages, 8 unnumbered pages of plates :</subfield>
    <subfield code="b">illustrations (chiefly color) ;</subfield>
    <subfield code="c">25 cm</subfield>
  </datafield>
  <datafield tag="336" ind1=" " ind2=" ">
    <subfield code="a">text</subfield>
    <subfield code="b">txt</subfield>
    <subfield code="2">rdacontent</subfield>
  </datafield>
  <datafield tag="337" ind1=" " ind2=" ">
    <subfield code="a">unmediated</subfield>
    <subfield code="b">n</subfield>
    <subfield code="2">rdamedia</subfield>
  </datafield>
  <datafield tag="338" ind1=" " ind2=" ">
    <subfield code="a">volume</subfield>
    <subfield code="b">nc</subfield>
    <subfield code="2">rdacarrier</subfield>
  </datafield>
  <datafield tag="504" ind1=" " ind2=" ">
    <subfield code="a">Includes bibliographical references (pages 181-216) and index.</subfield>
  </datafield>
  <datafield tag="505" ind1="0" ind2="0">
    <subfield code="t">Memory on display --</subfield>
    <subfield code="t">How curiosity created culture --</subfield>
    <subfield code="t">What the Greeks thought : from accounting to aesthetics --</subfield>
    <subfield code="t">Where dead people talk --</subfield>
    <subfield code="t">The dream of the universal library --</subfield>
    <subfield code="t">Materialism : the world is very old and knows everything --</subfield>
    <subfield code="t">The science of memory and the art of forgetting --</subfield>
    <subfield code="t">Imagination : memory in the future tense --</subfield>
    <subfield code="t">Mastering memory in the digital age --</subfield>
    <subfield code="t">By memory of ourselves.</subfield>
  </datafield>
  <datafield tag="520" ind1=" " ind2=" ">
    <subfield code="a">&quot;Our memory gives the human species a unique evolutionary advantage. Our stories, ideas, and innovations--in a word, our &quot;culture&quot;--Can be recorded and passed on to future generations. Our enduring culture and restless curiosity have enabled us to invent powerful information technologies that give us invaluable perspective on our past and define our future. Today, we stand at the very edge of a vast, uncharted digital landscape, where our collective memory is stored in ephemeral bits and bytes and lives in air-conditioned server rooms. What sources will historians turn to in 100, let alone 1,000 years to understand our own time if all of our memory lives in digital codes that may no longer be decipherable? In When We Are No More Abby Smith Rumsey explores human memory from pre-history to the present to shed light on the grand challenge facing our world--the abundance of information and scarcity of human attention. Tracing the story from cuneiform tablets and papyrus scrolls, to movable type, books, and the birth of the Library of Congress, Rumsey weaves a compelling narrative that explores how humans have dealt with the problem of too much information throughout our history, and indeed how we might begin solve the same problem for our digital future. Serving as a call to consciousness, When We Are No More explains why data storage is not memory; why forgetting is the first step towards remembering; and above all, why memory is about the future, not the past. &quot;If we&apos;re thinking 1,000 years, 3,000 years ahead in the future, we have to ask ourselves, how do we preserve all the bits that we need in order to correctly interpret the digital objects we create? We are nonchalantly throwing all of our data into what could become an information black hole without realizing it.&quot;--Vint Cerf, Chief Evangelist at Google, at a press conference in February, 2015.&quot;--Publisher&apos;s description.</subfield>
  </datafield>
  <datafield tag="650" ind1=" " ind2="0">
    <subfield code="a">Documentation.</subfield>
  </datafield>
  <datafield tag="650" ind1=" " ind2="0">
    <subfield code="a">Documentation</subfield>
    <subfield code="x">History.</subfield>
  </datafield>
  <datafield tag="650" ind1=" " ind2="0">
    <subfield code="a">Information science.</subfield>
  </datafield>
  <datafield tag="650" ind1=" " ind2="0">
    <subfield code="a">Information science</subfield>
    <subfield code="x">History.</subfield>
  </datafield>
  <datafield tag="650" ind1=" " ind2="0">
    <subfield code="a">Collective memory.</subfield>
  </datafield>
  <datafield tag="650" ind1=" " ind2="0">
    <subfield code="a">Information retrieval.</subfield>
  </datafield>
  <datafield tag="650" ind1=" " ind2="0">
    <subfield code="a">Information retrieval</subfield>
    <subfield code="x">History.</subfield>
  </datafield>
  <datafield tag="650" ind1=" " ind2="7">
    <subfield code="a">COMPUTERS</subfield>
    <subfield code="x">Information Technology.</subfield>
    <subfield code="2">bisacsh</subfield>
  </datafield>
  <datafield tag="650" ind1=" " ind2="7">
    <subfield code="a">HISTORY.</subfield>
    <subfield code="2">bisacsh</subfield>
  </datafield>
  <datafield tag="650" ind1=" " ind2="7">
    <subfield code="a">LANGUAGE ARTS &amp; DISCIPLINES</subfield>
    <subfield code="x">Library &amp; Information Science.</subfield>
    <subfield code="2">bisacsh</subfield>
  </datafield>
  <datafield tag="650" ind1=" " ind2="7">
    <subfield code="a">SCIENCE</subfield>
    <subfield code="x">Life Sciences</subfield>
    <subfield code="x">Neuroscience.</subfield>
    <subfield code="2">bisacsh</subfield>
  </datafield>
  <datafield tag="650" ind1=" " ind2="7">
    <subfield code="a">Mémoire collective.</subfield>
    <subfield code="2">eclas</subfield>
  </datafield>
  <datafield tag="650" ind1=" " ind2="7">
    <subfield code="a">Protection du patrimoine culturel.</subfield>
    <subfield code="2">eclas</subfield>
  </datafield>
  <datafield tag="650" ind1=" " ind2="7">
    <subfield code="a">Stockage de l&apos;information.</subfield>
    <subfield code="2">eclas</subfield>
  </datafield>
  <datafield tag="650" ind1=" " ind2="7">
    <subfield code="a">Recherche documentaire.</subfield>
    <subfield code="2">eclas</subfield>
  </datafield>
  <datafield tag="650" ind1=" " ind2="7">
    <subfield code="a">Archives électroniques.</subfield>
    <subfield code="2">eclas</subfield>
  </datafield>
  <datafield tag="650" ind1=" " ind2="7">
    <subfield code="a">Technologies numériques.</subfield>
    <subfield code="2">eclas</subfield>
  </datafield>
  <datafield tag="650" ind1=" " ind2="7">
    <subfield code="a">Histoire.</subfield>
    <subfield code="2">eclas</subfield>
  </datafield>
  <datafield tag="650" ind1=" " ind2="7">
    <subfield code="a">Futur.</subfield>
    <subfield code="2">eclas</subfield>
  </datafield>
  <datafield tag="650" ind1=" " ind2="7">
    <subfield code="a">Information retrieval</subfield>
    <subfield code="2">fast</subfield>
    <subfield code="0">(OCoLC)fst00972619</subfield>
  </datafield>
  <datafield tag="650" ind1=" " ind2="7">
    <subfield code="a">Collective memory.</subfield>
    <subfield code="2">fast</subfield>
    <subfield code="0">(OCoLC)fst01739814</subfield>
  </datafield>
  <datafield tag="650" ind1=" " ind2="7">
    <subfield code="a">Documentation.</subfield>
    <subfield code="2">fast</subfield>
    <subfield code="0">(OCoLC)fst00896108</subfield>
  </datafield>
  <datafield tag="650" ind1=" " ind2="7">
    <subfield code="a">Information science.</subfield>
    <subfield code="2">fast</subfield>
    <subfield code="0">(OCoLC)fst00972640</subfield>
  </datafield>
  <datafield tag="655" ind1=" " ind2="7">
    <subfield code="a">History.</subfield>
    <subfield code="2">fast</subfield>
    <subfield code="0">(OCoLC)fst01411628</subfield>
  </datafield>
  <datafield tag="650" ind1=" " ind2="7">
    <subfield code="a">Information Retrieval</subfield>
    <subfield code="2">gnd</subfield>
  </datafield>
  <datafield tag="650" ind1=" " ind2="7">
    <subfield code="a">Kollektives Gedächtnis</subfield>
    <subfield code="2">gnd</subfield>
  </datafield>
  <datafield tag="650" ind1=" " ind2="7">
    <subfield code="a">Langzeitarchivierung</subfield>
    <subfield code="2">gnd</subfield>
  </datafield>
  <datafield tag="650" ind1=" " ind2="7">
    <subfield code="a">Digitalisierung</subfield>
    <subfield code="2">gnd</subfield>
  </datafield>
  <datafield tag="650" ind1=" " ind2="7">
    <subfield code="a">Kulturerbe</subfield>
    <subfield code="2">gnd</subfield>
  </datafield>
  <datafield tag="650" ind1=" " ind2="7">
    <subfield code="a">Menschheit</subfield>
    <subfield code="2">gnd</subfield>
  </datafield>
  <datafield tag="650" ind1=" " ind2="7">
    <subfield code="a">Zukunft</subfield>
    <subfield code="2">gnd</subfield>
  </datafield>
  <datafield tag="655" ind1=" " ind2="7">
    <subfield code="a">History.</subfield>
    <subfield code="2">lcgft</subfield>
  </datafield>
  <datafield tag="650" ind1=" " ind2="7">
    <subfield code="a">Dokumentation.</subfield>
    <subfield code="2">sao</subfield>
  </datafield>
  <datafield tag="650" ind1=" " ind2="7">
    <subfield code="a">Kollektivt minne.</subfield>
    <subfield code="2">sao</subfield>
  </datafield>
</record>