
<record>
  <leader>03941cam a2200397 i 4500</leader>
  <controlfield tag="001">21287272</controlfield>
  <controlfield tag="005">20200102071409.0</controlfield>
  <controlfield tag="008">191004t20192019fr ad    b    000 0 fre  </controlfield>
  <datafield tag="906" ind1=" " ind2=" ">
    <subfield code="a">7</subfield>
    <subfield code="b">cbc</subfield>
    <subfield code="c">origres</subfield>
    <subfield code="d">3</subfield>
    <subfield code="e">ncip</subfield>
    <subfield code="f">20</subfield>
    <subfield code="g">y-gencatlg</subfield>
  </datafield>
  <datafield tag="925" ind1="0" ind2=" ">
    <subfield code="a">acquire</subfield>
    <subfield code="b">1 shelf copy</subfield>
    <subfield code="x">policy default</subfield>
  </datafield>
  <datafield tag="955" ind1=" " ind2=" ">
    <subfield code="a">ve03 2019-11-01</subfield>
    <subfield code="b">BD25 2019-12-18</subfield>
    <subfield code="i">bd21 2020-01-02 (telework)</subfield>
  </datafield>
  <datafield tag="010" ind1=" " ind2=" ">
    <subfield code="a">  2019472062</subfield>
  </datafield>
  <datafield tag="020" ind1=" " ind2=" ">
    <subfield code="a">9782343182292</subfield>
    <subfield code="q">(paperback)</subfield>
  </datafield>
  <datafield tag="035" ind1=" " ind2=" ">
    <subfield code="a">(Fr-PaAMA)AAL0827550-0001</subfield>
  </datafield>
  <datafield tag="040" ind1=" " ind2=" ">
    <subfield code="a">DLC</subfield>
    <subfield code="b">eng</subfield>
    <subfield code="c">DLC</subfield>
    <subfield code="e">rda</subfield>
  </datafield>
  <datafield tag="042" ind1=" " ind2=" ">
    <subfield code="a">pcc</subfield>
  </datafield>
  <datafield tag="041" ind1="0" ind2=" ">
    <subfield code="a">fre</subfield>
    <subfield code="b">fre</subfield>
    <subfield code="b">eng</subfield>
  </datafield>
  <datafield tag="043" ind1=" " ind2=" ">
    <subfield code="a">f-go---</subfield>
  </datafield>
  <datafield tag="050" ind1="0" ind2="0">
    <subfield code="a">HQ767.5.G2</subfield>
    <subfield code="b">I58 2019</subfield>
  </datafield>
  <datafield tag="245" ind1="0" ind2="2">
    <subfield code="a">L&apos;interruption volontaire de grossesse :</subfield>
    <subfield code="b">la société gabonaise au miroir de la loi Veil /</subfield>
    <subfield code="c">sous la direction de Gladys Esseng Aba&apos;a, Jean-Emery Etoughé-Efé.</subfield>
  </datafield>
  <datafield tag="264" ind1=" " ind2="1">
    <subfield code="a">Paris :</subfield>
    <subfield code="b">L&apos;Harmattan,</subfield>
    <subfield code="c">[2019]</subfield>
  </datafield>
  <datafield tag="264" ind1=" " ind2="4">
    <subfield code="c">©2019</subfield>
  </datafield>
  <datafield tag="300" ind1=" " ind2=" ">
    <subfield code="a">229 pages :</subfield>
    <subfield code="b">illustration, charts ;</subfield>
    <subfield code="c">24 cm</subfield>
  </datafield>
  <datafield tag="336" ind1=" " ind2=" ">
    <subfield code="a">text</subfield>
    <subfield code="b">txt</subfield>
    <subfield code="2">rdacontent</subfield>
  </datafield>
  <datafield tag="337" ind1=" " ind2=" ">
    <subfield code="a">unmediated</subfield>
    <subfield code="b">n</subfield>
    <subfield code="2">rdamedia</subfield>
  </datafield>
  <datafield tag="338" ind1=" " ind2=" ">
    <subfield code="a">volume</subfield>
    <subfield code="b">nc</subfield>
    <subfield code="2">rdacarrier</subfield>
  </datafield>
  <datafield tag="504" ind1=" " ind2=" ">
    <subfield code="a">Includes bibliographical references (pages 207-210, 216-223).</subfield>
  </datafield>
  <datafield tag="546" ind1=" " ind2=" ">
    <subfield code="a">Abstracts in French and English.</subfield>
  </datafield>
  <datafield tag="505" ind1="0" ind2="0">
    <subfield code="t">Politiques de natalité et pratiques de l&apos;avortement dans la société gabonaise moderne. --</subfield>
    <subfield code="t">Avortement et contraception en milieu urbain au Gabon : le cas de Libreville de 1996 à nos jours /</subfield>
    <subfield code="r">Judith Doutsona --</subfield>
    <subfield code="t">Lecture de l&apos;interruption volontaire de grossesse à partir d&apos;une approche processuelle dans le cadre de la théorie des parties prenantesi /</subfield>
    <subfield code="r">Adèle Sabine Ilama Mombot épse Nguimb. --</subfield>
    <subfield code="t">Les causes de l&apos;IVG --</subfield>
    <subfield code="t">Les pratiques de l&apos;IVG --</subfield>
    <subfield code="t">Les effets et les risques post-IVG --</subfield>
    <subfield code="t">Le modèle d&apos;analyse retenu --</subfield>
    <subfield code="t">Méthodologie de la recherche --</subfield>
    <subfield code="t">Collecte des données --</subfield>
    <subfield code="t">Analyse des données --</subfield>
    <subfield code="t">Présentation des principaux résultats. --</subfield>
    <subfield code="t">L&apos;IVG, le foetus et la vie : le regard des traditions. --</subfield>
    <subfield code="t">Le masculin/féminin : l&apos;IVG à l&apos;aune d&apos;un transfert d&apos;idéologie en Afrique : pour une éthique du respect de la vie /</subfield>
    <subfield code="r">Simon-Pierre E. Mvone-Ndong. --</subfield>
    <subfield code="t">Opportunité d&apos;une pensée --</subfield>
    <subfield code="t">Du respect de la vie en contexte de violence --</subfield>
    <subfield code="t">Éthique du respect de la vie --</subfield>
    <subfield code="t">La transparence du corps --</subfield>
    <subfield code="t">Le corps de la femme est un sujet --</subfield>
    <subfield code="t">Le statut du foetus --</subfield>
    <subfield code="t">Le &quot;Je&quot; de la généalogie. --</subfield>
    <subfield code="t">La réception de l&apos;oeuvre de Simone Veil chez l&apos;écrivain gabonais : entre rencontre, alliance asymétrique et avortement de l&apos;héritage. Perspective post-coloniale /</subfield>
    <subfield code="r">Jean-Stanislas Wamba. --</subfield>
    <subfield code="t">La figure de Simone Veil et le poids de l&apos;histoire --</subfield>
    <subfield code="t">De l&apos;héritage de Veil à l&apos;écrivain : une réflexion sur la condition humaine. --</subfield>
    <subfield code="t">La conciliation des droits et devoirs de procréer et la liberté de la femme. --</subfield>
    <subfield code="t">Le droit à l&apos;avortement : une menace potentielle pour l&apos;ordre dominant /</subfield>
    <subfield code="r">Placide Ondo --</subfield>
    <subfield code="t">IVG, protection de la vie et liberté des femmes de 1975 à nos jours /</subfield>
    <subfield code="r">Gladys Esseng Aba&apos;a. --</subfield>
    <subfield code="t">L&apos;IVG et la protection de la vie --</subfield>
    <subfield code="t">La vie, l&apos;embryon et l&apos;IVG dans la culture traditionnelle --</subfield>
    <subfield code="t">Que dit la loi ? --</subfield>
    <subfield code="t">Maternité, liberté et IVG : un débat d&apos;écoles --</subfield>
    <subfield code="t">La maternité : option ou fatalité? --</subfield>
    <subfield code="t">L&apos;IVG, une condition pour la liberté de la femme ? --</subfield>
    <subfield code="t">L&apos;IVG, une nécessité éthique : respect de la vie et intégrité de la femme. --</subfield>
    <subfield code="t">IVG et travail du corps dans la société gabonaise contemporaine / dr Jean-Emery Etoughé-Efé. --</subfield>
    <subfield code="t">Les facteurs de l&apos;avortement dans la société gabonaise contemporaine --</subfield>
    <subfield code="t">Du droit à l&apos;avortement (IVG) --</subfield>
    <subfield code="t">L&apos;impact du droit à l&apos;avortement sur les modes de vie des femmes gabonaises --</subfield>
    <subfield code="t">L&apos;avortement et la question de l&apos;apparence physique.</subfield>
  </datafield>
  <datafield tag="650" ind1=" " ind2="0">
    <subfield code="a">Abortion</subfield>
    <subfield code="x">Social aspects</subfield>
    <subfield code="z">Gabon.</subfield>
  </datafield>
  <datafield tag="650" ind1=" " ind2="0">
    <subfield code="a">Abortion</subfield>
    <subfield code="x">Moral and ethical aspects</subfield>
    <subfield code="z">Gabon.</subfield>
  </datafield>
  <datafield tag="650" ind1=" " ind2="0">
    <subfield code="a">Women&apos;s rights</subfield>
    <subfield code="z">Gabon.</subfield>
  </datafield>
  <datafield tag="700" ind1="1" ind2=" ">
    <subfield code="a">Esseng Aba&apos;a, Gladys,</subfield>
    <subfield code="e">editor.</subfield>
  </datafield>
  <datafield tag="700" ind1="1" ind2=" ">
    <subfield code="a">Étoughé-Éfé, Jean-Émery,</subfield>
    <subfield code="e">editor.</subfield>
  </datafield>
  <datafield tag="923" ind1=" " ind2=" ">
    <subfield code="d">20191025</subfield>
    <subfield code="n">634477</subfield>
    <subfield code="s">AmaLivre</subfield>
  </datafield>
  <datafield tag="985" ind1=" " ind2=" ">
    <subfield code="e">VENDOR LOAD</subfield>
  </datafield>
</record>