
<record>
  <leader>06369cam a2200373 i 4500</leader>
  <controlfield tag="001">21287287</controlfield>
  <controlfield tag="005">20200102151301.0</controlfield>
  <controlfield tag="008">190904t20192019fr d          000 0 fre  </controlfield>
  <datafield tag="906" ind1=" " ind2=" ">
    <subfield code="a">7</subfield>
    <subfield code="b">cbc</subfield>
    <subfield code="c">origres</subfield>
    <subfield code="d">3</subfield>
    <subfield code="e">ncip</subfield>
    <subfield code="f">20</subfield>
    <subfield code="g">y-gencatlg</subfield>
  </datafield>
  <datafield tag="925" ind1="0" ind2=" ">
    <subfield code="a">acquire</subfield>
    <subfield code="b">1 shelf copy</subfield>
    <subfield code="x">policy default</subfield>
  </datafield>
  <datafield tag="955" ind1=" " ind2=" ">
    <subfield code="a">ve03 2019-11-01</subfield>
    <subfield code="b">BD25 2019-12-18</subfield>
    <subfield code="i">bd21 2020-01-02 (telework)</subfield>
  </datafield>
  <datafield tag="010" ind1=" " ind2=" ">
    <subfield code="a">  2019472060</subfield>
  </datafield>
  <datafield tag="020" ind1=" " ind2=" ">
    <subfield code="a">9782343179919</subfield>
    <subfield code="q">(paperback)</subfield>
  </datafield>
  <datafield tag="035" ind1=" " ind2=" ">
    <subfield code="a">(Fr-PaAMA)AAL0824580-0001</subfield>
  </datafield>
  <datafield tag="040" ind1=" " ind2=" ">
    <subfield code="a">DLC</subfield>
    <subfield code="b">eng</subfield>
    <subfield code="c">DLC</subfield>
    <subfield code="e">rda</subfield>
  </datafield>
  <datafield tag="042" ind1=" " ind2=" ">
    <subfield code="a">pcc</subfield>
  </datafield>
  <datafield tag="043" ind1=" " ind2=" ">
    <subfield code="a">f-cx---</subfield>
  </datafield>
  <datafield tag="050" ind1="0" ind2="0">
    <subfield code="a">DT546.3858</subfield>
    <subfield code="b">.R43 2019</subfield>
  </datafield>
  <datafield tag="100" ind1="1" ind2=" ">
    <subfield code="a">Reboas, Aristide Briand,</subfield>
    <subfield code="e">author.</subfield>
  </datafield>
  <datafield tag="245" ind1="1" ind2="0">
    <subfield code="a">Agir pour sauver la République centrafricaine /</subfield>
    <subfield code="c">Aristide Briand Reboas ; préface d&apos;Emmanuel Caulier.</subfield>
  </datafield>
  <datafield tag="264" ind1=" " ind2="1">
    <subfield code="a">Paris :</subfield>
    <subfield code="b">L&apos;Harmattan,</subfield>
    <subfield code="c">[2019]</subfield>
  </datafield>
  <datafield tag="264" ind1=" " ind2="4">
    <subfield code="c">©2019</subfield>
  </datafield>
  <datafield tag="300" ind1=" " ind2=" ">
    <subfield code="a">125 pages :</subfield>
    <subfield code="b">chart ;</subfield>
    <subfield code="c">22 cm.</subfield>
  </datafield>
  <datafield tag="336" ind1=" " ind2=" ">
    <subfield code="a">text</subfield>
    <subfield code="b">txt</subfield>
    <subfield code="2">rdacontent</subfield>
  </datafield>
  <datafield tag="337" ind1=" " ind2=" ">
    <subfield code="a">unmediated</subfield>
    <subfield code="b">n</subfield>
    <subfield code="2">rdamedia</subfield>
  </datafield>
  <datafield tag="338" ind1=" " ind2=" ">
    <subfield code="a">volume</subfield>
    <subfield code="b">nc</subfield>
    <subfield code="2">rdacarrier</subfield>
  </datafield>
  <datafield tag="490" ind1="0" ind2=" ">
    <subfield code="a">&quot;Diplomatie et stratégie&quot;</subfield>
  </datafield>
  <datafield tag="505" ind1="0" ind2="0">
    <subfield code="g">1.</subfield>
    <subfield code="t">La centrafrique de 1960 à 1972 --</subfield>
    <subfield code="g">2.</subfield>
    <subfield code="t">La centrafrique de 1972 à 2002 --</subfield>
    <subfield code="g">3.</subfield>
    <subfield code="t">La centrafrique de 2003 à 2010 --</subfield>
    <subfield code="t">Qu&apos;est-ce que le mouvement SAEMAUL ? --</subfield>
    <subfield code="t">Comment adapter le mouvement SAEMAUL à la situation spécifique de la RCA ? --</subfield>
    <subfield code="g">4.</subfield>
    <subfield code="t">Les essais qui n&apos;ont rien apporté au pays --</subfield>
    <subfield code="t">Quelles sont les causes de ces échecs ? --</subfield>
    <subfield code="g">5.</subfield>
    <subfield code="t">Quelles actions mener pour sauver la république centrafricaine --</subfield>
    <subfield code="g">6.</subfield>
    <subfield code="t">Qu&apos;en est-il des solutions nationales --</subfield>
    <subfield code="t">Créer les conditions pour le désarmement, démobilisation, réintégration et rapatriement --</subfield>
    <subfield code="t">Sur l&apos;embargo --</subfield>
    <subfield code="t">Les initiatives gouvernementales --</subfield>
    <subfield code="t">Aspect pénal et pénitentiaire --</subfield>
    <subfield code="t">De la gestion de la crise centrafricaine --</subfield>
    <subfield code="t">La politique pénitentiaire --</subfield>
    <subfield code="t">Redonner à l&apos;armée, la police et la gendarmerie --</subfield>
    <subfield code="t">Leur noblesse antérieure --</subfield>
    <subfield code="t">La réforme budgétaire --</subfield>
    <subfield code="t">Amélioration des recettes de l&apos;état --</subfield>
    <subfield code="t">Concernant le renforcement du dispositif policier --</subfield>
    <subfield code="t">Concernant le renforcement du dispositif de la gendarmerie --</subfield>
    <subfield code="g">7.</subfield>
    <subfield code="t">concernant la revalorisation du systeme educatif --</subfield>
    <subfield code="t">La redynamisation de l&apos;enseignement primaire et secondaire par la promotion des lycées techniques et centres de formation professionnelle --</subfield>
    <subfield code="t">La promotion de l&apos;enseignement supérieur et la recherche scientifique --</subfield>
    <subfield code="t">La création de la nouvelle université pour désengorger l&apos;unique université de bangui --</subfield>
    <subfield code="t">La promotion des recherches scientifiques et l&apos;utilisation des résultats --</subfield>
    <subfield code="g">8.</subfield>
    <subfield code="t">Concernant l&apos;agriculture --</subfield>
    <subfield code="t">La reprise en main du secteur agropastoral --</subfield>
    <subfield code="t">Renforcement des capacités des institutions agricoles --</subfield>
    <subfield code="t">Amélioration de la production de cultures vivrières --</subfield>
    <subfield code="t">Contribuer à la structuration des producteurs et au renforcement de leur capacité par : une politique de relance doit être mise en place à plusieurs niveaux --</subfield>
    <subfield code="t">Amélioration de la production et de la qualité sanitaire des ressources animales --</subfield>
    <subfield code="t">Amélioration des productions d&apos;origine végétale, animale et halieutique --</subfield>
    <subfield code="g">9.</subfield>
    <subfield code="t">Le développement des voies de communication --</subfield>
    <subfield code="g">10.</subfield>
    <subfield code="t">En matière d&apos;exploitation des secteurs minier, forestier et énergétique --</subfield>
    <subfield code="t">Les titres miniers et autorisations diverses situation de l&apos;enregistrement des droits miniers --</subfield>
    <subfield code="t">Le permis de recherche --</subfield>
    <subfield code="t">Le permis d&apos;exploitation industrielle (PEI) --</subfield>
    <subfield code="t">Le permis d&apos;exploitation artisanale semi-mécanisée --</subfield>
    <subfield code="t">Les autorisations diverses --</subfield>
    <subfield code="t">Situation de l&apos;enregistrement des droits miniers --</subfield>
    <subfield code="t">Réorganisation du cadre institutionnel et juridique du secteur minier --</subfield>
    <subfield code="t">Renforcement de la capacité de l&apos;administration des mines --</subfield>
    <subfield code="t">Concernant l&apos;aménagement durable et l&apos;exploitation des forêts --</subfield>
    <subfield code="t">Pour mettre en oeuvre une gestion forestière durable, il faudrait --</subfield>
    <subfield code="t">Concernant l&apos;artisanat --</subfield>
    <subfield code="t">Sur le plan énergétique, il convient de --</subfield>
    <subfield code="t">Sur le plan géographique et des produits géostratégiques, il convient de --</subfield>
    <subfield code="g">11.</subfield>
    <subfield code="t">Autres propositions --</subfield>
    <subfield code="t">Lutter contre la corruption et les injustices --</subfield>
    <subfield code="t">En matière de promotion du capital social --</subfield>
    <subfield code="t">Repenser la politique de la jeunesse --</subfield>
    <subfield code="t">En matière de promotion de l&apos;approche genre --</subfield>
    <subfield code="t">En matière d&apos;amélioration des conditions sociales des centrafricains --</subfield>
    <subfield code="t">En matière d&apos;assainissement des finances publiques et de relèvement de la croissance économique --</subfield>
    <subfield code="t">Les initiatives paysannes ou locales</subfield>
  </datafield>
  <datafield tag="505" ind1="8" ind2="0">
    <subfield code="t">La sécurisation du village et le maintien de la paix --</subfield>
    <subfield code="t">La mise en place d&apos;un comité de gestion du village --</subfield>
    <subfield code="t">La définition du plan de développement du quartier ou village --</subfield>
    <subfield code="t">La revalorisation de la terre --</subfield>
    <subfield code="t">La formation de jeunes agriculteurs et éleveurs --</subfield>
    <subfield code="t">Organiser les diplômés agropastoraux en coopératives --</subfield>
    <subfield code="t">Aider les agriculteurs et éleveurs à relancer leurs activités --</subfield>
    <subfield code="t">L&apos;amélioration de l&apos;habitat et des infrastructures du village --</subfield>
    <subfield code="t">Au niveau de l&apos;habitat --</subfield>
    <subfield code="t">Au niveau des infrastructures sanitaires et routières --</subfield>
    <subfield code="t">La promotion des échanges socioculturels --</subfield>
    <subfield code="t">Des fêtes de moissons --</subfield>
    <subfield code="t">Des foires culturelles et sportives --</subfield>
    <subfield code="t">La prévention des conflits par une culture citoyenne --</subfield>
    <subfield code="t">Les initiatives transversales --</subfield>
    <subfield code="t">Dans quel environnement &quot;agir pour sauver la centrafrique&quot; peut-il bien fonctionner ?</subfield>
  </datafield>
  <datafield tag="520" ind1=" " ind2=" ">
    <subfield code="a">&quot;Ce livre propose un diagnostic de l&apos;état de la République centrafricaine, des diverses raisons de la crise et des responsabilités de tous les protagonistes. S&apos;inspirant du mouvement SAEMAUL qui a permis à la Corée du Sud de sortir de la misère et de prospérer au point de compter désormais parmi les grandes puissances mondiales, l&apos;auteur propose des solutions pour permettre au pays de retrouver la place qui était la sienne dans le concert des nations démocratiques. Il s&apos;agit de redonner confiance au peuple, de compter sur son implication et sa responsabilisation, de préconiser l&apos;esprit de travail coopératif afin d&apos;améliorer les rendements dans tous les secteurs d&apos;activité, de favoriser l&apos;esprit de solidarité et l&apos;esprit démocratique nécessaires au vivre-ensemble dans la paix et la concorde. Ce livre est un plaidoyer pour l&apos;avenir du pays.&quot;--Page 4 of cover.</subfield>
  </datafield>
  <datafield tag="651" ind1=" " ind2="0">
    <subfield code="a">Central African Republic</subfield>
    <subfield code="x">Politics and government</subfield>
    <subfield code="y">2003-</subfield>
  </datafield>
  <datafield tag="651" ind1=" " ind2="0">
    <subfield code="a">Central African Republic</subfield>
    <subfield code="x">Economic conditions</subfield>
    <subfield code="y">21st century.</subfield>
  </datafield>
  <datafield tag="923" ind1=" " ind2=" ">
    <subfield code="d">20191025</subfield>
    <subfield code="n">634477</subfield>
    <subfield code="s">AmaLivre</subfield>
  </datafield>
  <datafield tag="985" ind1=" " ind2=" ">
    <subfield code="e">VENDOR LOAD</subfield>
  </datafield>
</record>