
<record>
  <leader>20196cam a2200637 i 4500</leader>
  <controlfield tag="001">21287477</controlfield>
  <controlfield tag="005">20200102173423.0</controlfield>
  <controlfield tag="008">190830s2019    mx abcd  b   f101 0 spa d</controlfield>
  <datafield tag="906" ind1=" " ind2=" ">
    <subfield code="a">7</subfield>
    <subfield code="b">cbc</subfield>
    <subfield code="c">copycat</subfield>
    <subfield code="d">2</subfield>
    <subfield code="e">ncip</subfield>
    <subfield code="f">20</subfield>
    <subfield code="g">y-gencatlg</subfield>
  </datafield>
  <datafield tag="925" ind1="0" ind2=" ">
    <subfield code="a">acquire</subfield>
    <subfield code="b">1 shelf copy</subfield>
    <subfield code="x">policy default</subfield>
  </datafield>
  <datafield tag="955" ind1=" " ind2=" ">
    <subfield code="b">bf11 2020-01-02 z-processor</subfield>
    <subfield code="i">bf11 2020-01-02 to Dewey</subfield>
  </datafield>
  <datafield tag="955" ind1=" " ind2=" ">
    <subfield code="a">ve24 2019-11-01</subfield>
    <subfield code="b">bf27 2019-12-11 to ALAWE/MCAC</subfield>
  </datafield>
  <datafield tag="010" ind1=" " ind2=" ">
    <subfield code="a">  2019447376</subfield>
  </datafield>
  <datafield tag="020" ind1=" " ind2=" ">
    <subfield code="a">9788497285704</subfield>
    <subfield code="q">(obra completa)</subfield>
  </datafield>
  <datafield tag="020" ind1=" " ind2=" ">
    <subfield code="a">8497285700</subfield>
  </datafield>
  <datafield tag="020" ind1=" " ind2=" ">
    <subfield code="a">9788497285711</subfield>
    <subfield code="q">(v. 1)</subfield>
  </datafield>
  <datafield tag="020" ind1=" " ind2=" ">
    <subfield code="a">9788497285728</subfield>
    <subfield code="q">(v. 2)</subfield>
  </datafield>
  <datafield tag="020" ind1=" " ind2=" ">
    <subfield code="a">8497285727</subfield>
    <subfield code="q">(v. 2)</subfield>
  </datafield>
  <datafield tag="020" ind1=" " ind2=" ">
    <subfield code="a">8497285719</subfield>
  </datafield>
  <datafield tag="035" ind1=" " ind2=" ">
    <subfield code="a">(OCoLC)on1117334690</subfield>
  </datafield>
  <datafield tag="040" ind1=" " ind2=" ">
    <subfield code="a">H7K</subfield>
    <subfield code="b">eng</subfield>
    <subfield code="c">H7K</subfield>
    <subfield code="e">rda</subfield>
    <subfield code="d">OCLCO</subfield>
    <subfield code="d">JPG</subfield>
    <subfield code="d">OCLCF</subfield>
    <subfield code="d">DLC</subfield>
  </datafield>
  <datafield tag="042" ind1=" " ind2=" ">
    <subfield code="a">lccopycat</subfield>
  </datafield>
  <datafield tag="050" ind1="0" ind2="0">
    <subfield code="a">TA5</subfield>
    <subfield code="b">.C8564 2019</subfield>
  </datafield>
  <datafield tag="111" ind1="2" ind2=" ">
    <subfield code="a">Congreso Internacional Hispanoamericano de Historia de la Construcción</subfield>
    <subfield code="n">(3rd :</subfield>
    <subfield code="d">2019 :</subfield>
    <subfield code="c">Mexico City, Mexico),</subfield>
    <subfield code="j">author.</subfield>
  </datafield>
  <datafield tag="245" ind1="1" ind2="0">
    <subfield code="a">III Congreso Internacional Hispanoamericano de Historia de la Construcción :</subfield>
    <subfield code="b">Ciudad de México, 21-25 de enero de 2019 /</subfield>
    <subfield code="c">presentación, Xavier Cortés Rocha ; prólogo, Juan Ignacio del Cueto Ruiz-Funes ; edición a cargo de Juan Ignacio del Cueto Ruiz-Funes, Valeria M. Méndez Pineda, Santiago Huerta ; con colaboración de : Agustin Hernández Hernández, Isaura González Gottdiener, Jimena Torre Rojas.</subfield>
  </datafield>
  <datafield tag="246" ind1="1" ind2="4">
    <subfield code="a">Tercer Congreso Internacional Hispanoamericano de Historia de la Construcción :</subfield>
    <subfield code="b">Ciudad de México, 21-25 enero 2019</subfield>
  </datafield>
  <datafield tag="246" ind1="3" ind2=" ">
    <subfield code="a">3. Congreso Internacional Hispanoamericano de Historia de la Construcción</subfield>
  </datafield>
  <datafield tag="246" ind1="1" ind2=" ">
    <subfield code="i">Half title:</subfield>
    <subfield code="a">Actas del III Congreso Hispanoamericano de Historia de la Construcción</subfield>
  </datafield>
  <datafield tag="264" ind1=" " ind2="1">
    <subfield code="a">[México] :</subfield>
    <subfield code="b">Facultad de Arquitectura, Universidad Nacional Autónoma de México :</subfield>
    <subfield code="a">[Madrid] :</subfield>
    <subfield code="b">Sociedad Española de Historia de la Construcción :</subfield>
    <subfield code="b">Instituto Juan de Herrera, Escuela Técnica Superior de Arquitectura, Universidad Politécnica de Madrid,</subfield>
    <subfield code="c">[2019]</subfield>
  </datafield>
  <datafield tag="300" ind1=" " ind2=" ">
    <subfield code="a">2 volumes (xvii, 1172 pages) :</subfield>
    <subfield code="b">illustrations, charts, facsimiles, maps, plans, portraits ;</subfield>
    <subfield code="c">23 cm.</subfield>
  </datafield>
  <datafield tag="336" ind1=" " ind2=" ">
    <subfield code="a">text</subfield>
    <subfield code="b">txt</subfield>
    <subfield code="2">rdacontent</subfield>
  </datafield>
  <datafield tag="336" ind1=" " ind2=" ">
    <subfield code="a">still image</subfield>
    <subfield code="b">sti</subfield>
    <subfield code="2">rdacontent</subfield>
  </datafield>
  <datafield tag="337" ind1=" " ind2=" ">
    <subfield code="a">unmediated</subfield>
    <subfield code="b">n</subfield>
    <subfield code="2">rdamedia</subfield>
  </datafield>
  <datafield tag="338" ind1=" " ind2=" ">
    <subfield code="a">volume</subfield>
    <subfield code="b">nc</subfield>
    <subfield code="2">rdacarrier</subfield>
  </datafield>
  <datafield tag="490" ind1="0" ind2=" ">
    <subfield code="a">Textos sobre teoría e historia de las construcciones</subfield>
  </datafield>
  <datafield tag="504" ind1=" " ind2=" ">
    <subfield code="a">Includes bibliographical references and index.</subfield>
  </datafield>
  <datafield tag="505" ind1="8" ind2=" ">
    <subfield code="a">Volumen I: Las cubiertas para la estación del metro Candelaria: el máximo refinamiento de los cascarones en abanico / Eduardo Alarcón Azuela -- Una aventura en Concreto Armado. El Acueducto de Xochimilco / Francisco Haroldo Alfaro Salazar -- Del cielo al suelo: el circuito del agua en el Real edificio de Mafra / Ana Patricia Alho, Pedro Machado -- Sistema Top Down en la Ciudad de México / Jorge Ernesto Alonso Hernández -- Ferrocemento dentro de la Arquitectura orgánica en México / Alejandra Alvarado Castañeda -- Sobre la discutida identidad Arquitectónica de Diego de Riaño en la transición del gótico al Renacimiento en España / Antonio Luis Ampliato Briones y Juan Clemente Rodríguez Estévez -- La labor de los Marmorarii en el complejo termal occidental dela ciudad hispanorromana de Valeria (Cuenca, España) / Javier Atienza Fuente -- La arquitectura monumental de tierra prehispánica en México durante los periodos Preclásico y Clásico (1,700 A.C. -- 1,000 D.C.) / Esteban Avalos Beltrán -- Tradición constructiva de la vivienda en Tierra Caliente, Michoacán, México / Luis Alfredo Ayala Ortega, Eugenia María Azevedo Salomao -- Estudio de las construcciones históricas que formaron parte del conjunto defensivo y portuario del Grau Vell&quot; de Sagunto (Valencia) entre los siglos XVI y XVIII / Josefa Balaguer Dezcallar y Luis Vicén Banzo -- Las alquerías de la seda. Viaje por la arquitectura hortícola valenciana de los siglos XVII y XVIII / José-Luis Baró Zarzo, Rosa María Pastor Villa y Carme Villar Bosch -- Los Puentes de fábrica novohispanos / Guillermo Boils Morales -- Técnicas constructivas tradicionales de la edificación del siglo XIX en Roccamontepiano (Italia) / Carlos Alberto Cacciavillani -- Arquitectura, ciudad y tecnología. Mesoamérica / Juan Manuel Everardo Carballo Cruz, Juan Ricardo Alarcón Martínez -- Refuerzos verticales en muros de mampostería / Mariana Carvajal Navarrete -- La razón como inspiración estética: el acero en la construcción del siglo XIX / Nina Casas Guzik -- La experiencia de los procedimientos antiguos de carpintería para su aplicación en piezas estructurales de bambú / Alma María Cataño Barrera, Gabriela Alicia Sánchez del Toro -- Rafael Llobet y la terminación del sistema defensivo de la ciudad de Campeche / Mónica Cejudo Collera -- Construcciones contra la Barbarie de los Ríos: El Parque de La Devesa de Girona / Miguel Ángel Chumacero, Jordi Gomis, Ramón Ripoll y Josep Treserras -- . Cornisas de palacios madrileños / Alejandra Estefanía Chiriboga Vela -- Dieste y la construcción de las Centrales de Abasto Brasileñas / Carlos Eduardo Dias Comas -- El sistema Hennebique y los inicios de la construcción en hormigón armado en Guayaquil / Florencio Compte Guerrero -- Pedro de Arrieta y el Tribunal del Santo Oficio / Alejandra Contreras Padilla -- Cinco siglos de construcción y adecuaciones en el Palacio de la Inquisición / Xavier Cortés Rocha -- Interpretaciones de la estabilidad de las construcciones a travésdel tiempo / Luis Carlos Cruz Ramírez -- El tele-transporte de la arquitectura: deslocalizar los edificios(siglos XV-XX) / Maria Grazia DœAmelio, Fabrizio De Cesaris -- Adobes prehispánicos fabricados en hoyo: un caso de la costa del Golfo de México / Annick Daneels, Juan Salvador Piña Guido -- El re-uso sostenible de los escombros / Beatriz del Cueto -- Formación y acceso al trabajo en los gremios de la construcción catalanes(siglos XVI-XVIII) / Gemma Domènech Casadevall -- San Miguel arcángel. La historia constructiva de una parroquia novohispana / Leticia Domínguez Hernández -- Estructuras arbóreas. Enrique de la Mora y Palomar / Elisa Drago Quaglia -- Herencia Constructiva en la fábrica de acueductos novohispanos en el siglo XVI en el estado de Hidalgo / Emmanuel de Jesús Martínez Pelcastre -- Las formas de construcción prevalentes en el sitio arqueológico de Tula Grande, Estado de Hidalgo, del período posclásico temprano (950-1200 d.C.), como representativas de la construcción en el Altiplano de México / Segismundo Engelking Keeling -- Evolución superficial de la fachada del SXVI del rectorado de la Universidad de Alcalá de Henares-España / Enrique Castaño, Gloria Pérez; Asensio, E. García-Rosales, G. -- Edificios Art Nouveau que renacen como recintos de arte: el Museo Universitario del Chopo y el Cosmovitral, Jardín Botánico / Celia Facio Salazar -- Sistemas constructivos empleados en la iglesia del ex convento agustino de Atotonilco el Grande; el mito de su construcción / Greta Vidahí Lucero Fernández Méndez -- Marcas de canterías en obras de fábrica del siglo XVI en Santo Domingo / Virginia Flores-Sasso -- De cómo desplazar un edificio de 7 mil toneladas de peso: el caso del Edificio CUDECOM en Bogotá (1974) / Jorge Galindo Díaz -- Con perfil de onda. Experiencias españolas de bóvedas onduladas tras la Guerra Civil Española / Rafael García García -- Construcción de vivienda en el medio rural, ¿Influencia sobre la construcción urbana contemporánea? / Juan Manuel Gastellum Alvarado, Fabricio Lázaro Villaverde y Edith Cota Castillejos -- Los proyectos de fortificación de La Habana de 1855 y 1861 / Ignacio Javier Gil Crespo -- Los morillos como estructura auxiliar en el proceso constructivo de las bóvedas mayas / Laura Gilabert Sansalvador, Andrea Peiró Vitoria -- El concreto armado de la arquitectura del movimiento moderno, análisis de las patologías identificadas en el Centro Urbano Presidente Alemán (CUPA) / Pablo Francisco Gómez Porter -- La revista Obras, una fuente primaria para la historia de la construcción en México. Primera década (enero 1973- enero 1983) / Isaura González Gottdiener -- La urbanización por el agua y los arcos de Tepeyahualco / Carlos González y Lobo -- El presupuesto y la obra del Templo Parroquial de Cotija, Michoacán S. XIX / Gerardo Guízar -- Verosimilitud de bóvedas de tracería con mampostería ciclópea de arcilla / Agustín Hernández Hernández -- La arquitectura caribeña costarricense en la trama urbana histórica de la ciudad de Limón entre el período 1871-1940 / Ileana Hernández Salazar, David Porras Alfaro, Kenia García Baltodano -- Tecnología mestiza de construcción con tierra en altura: Latorre de adobe de la iglesia Nuestra Señora de la Natividad en Panao / Pedro Hurtado-Valdez y Luis Contreras Ildefonso -- Obras de Desagüe y Contención de agua en la Cuenca de México durante el Virreinato / Alejandro Jiménez Vaca -- La arquitectura del mar en Cartagena (España) a mediados del siglo XX: historia constructiva de la lonja, casa y poblado de pescadores / Vincenzina La Spina y César Bargues Ballester -- Cubiertas laminares en España: Los &quot;cascarones&quot; de Coello de Portugal / Rubén José Labiano Novoa -- La expansión vertical de la Ciudad de México a partir de 1936. La difusión de la Teoría Elemental de los Marcos Rígidos / Alejandro Leal Menegus -- Estudio de la resistencia mecánica en pétreos arqueológicos de la región de Mérida / Victor Ley Paredes, Luis Pantoja Díaz y Carlos Vinajera -- Una fauna artificial. Tecnología importada en el paisaje de la Pampa ferroviaria en Argentina / Facundo S. López -- Tratadística y diseño estructural: ex convento de La Asunción de Nuestra Señora, Tochimilco, Puebla / Luis Fernando López Cortés, Silvia Araceli Frausto Luján -- Análisis de las bóvedas y cúpulas de la iglesia del Monasterio de Santa Clara de Quito, Ecuador / Ana Angélica López Ulloa, Fabián Santiago López Ulloa -- El uso del tabique común y la construcción de un territorio -- Juan Luis Loredo López.</subfield>
  </datafield>
  <datafield tag="520" ind1=" " ind2=" ">
    <subfield code="a">Volumen II: Cascarones delgados en de Hormigón Armado en el Ecuador / Mauricio Luzuriaga, Ana María Carrión y Álvaro Valladares -- La Central Hidroeléctrica de El Chorro y el Caminito del Rey / Luis Machuca Casares, Ángeles Alonso Nuñez -- Petrificación de la Riqueza. La construcción medieval en Las Merindades de Burgos / Rocío, Maira-Vidal -- La bóveda encamonada de la capilla de la encarnación de la Iglesia de los Terceros de Sevilla / Carlos Martín Jiménez y Julián García Muñoz -- Edificación decimonónica con bloques de conchuela en la Ex-Aduana de Frontera, Tabasco / Geiser Gerardo Martín Medina, Luis Fernando Guerrero Baca y Ricardo Armijo Torres -- El lenguaje constructivo de los ingenieros militares en las fortificaciones del siglo XVIII en Veracruz / Gladys Martínez Aguilar -- Tonda Magallón y su método de cálculo estructural aplicado a las cáscaras cilíndricas largas de cubierta / Mónica Martínez Martínez, Juan Antonio Desarrollo de tipologías arquitectónicas y cambios de las técnicas de construcción a lo largo de los ríos en la región de Los Abruzzos (Italia) / Claudio Mazzanti y Federico Bulfone Gransinigh -- Construcción de cascarones de concreto armado a través de los medios de difusión de sus constructores / Valeria Méndez Pineda -- Historia de la construcción de la zona oriente del Estado de México / Omar Mendoza Arias -- La &quot;desmesura&quot; del obrero mayor Andrés de Luey en los sagrarios proyectados por el obispo Palafox para la catedral de Puebla Antonio Pedro Molero Sañudo -- La influencia del desarrollo ferroviario en la construcción en la frontera norte de México a principios del siglo XX. El Caso del Antiguo Hotel del Sur (1919), Ciudad Juárez, Chihuahua / Pedro Tlatoani Molotla Xolalpa -- Torres en Buenos Aires, los primeros muros Cortina / Ignacio Montaldo -- Análisis constructivo de cascarones de Oscar Niemeyer por medio de herramientas paramétricas / Isadora Monteiro Machad, y Ruth Verde Zein -- El arco y la cascara. Estructuras arquitectónicas en la obra de Amancio Williams / Luis Müller -- Lo artesanal en la modernidad arquitectónica mexicana. Los materiales constructivos y su huella en los medios impresos internacionales / Vanessa Nagel Vega -- Bóvedas baídas construidas por cruceros: tipos constructivos / Pau Natividad Vivó y José Calvo López -- La cal en México. Su historia y su presente / Elena Guadalupe Navarro Mendoza; Elia Mercedes Alonso Guzmán y Juan Alberto Bedolla Arroyo -- La permanencia constructiva virreinal en la arquitectura neogótica del Perú durante el siglo XIX. El caso de la hacienda Unanue en el valle de Cañete / Sandra Negro Tua y Samuel Amorós Castañeda -- Tres Casos de Estructuras Velarias en Construcciones ya Existentes en México / Juan Gerardo Oliva Salinas y Marcos Javier Ontiveros Hernández -- Las actividades del proceso estereotómico en la edificación de bóvedas del siglo XVII y XVIII en la ciudad de San Luis Potosí, México / Roció Ivett Oros Guel -- El Instituto Eduardo Torroja. Un Edificio innovador en la España De Postguerra- Madrid 1950 /C. Alonso Oteiza, I.; B. Frutos y F. Martín-Consuegra -- Sistemas y Técnicas de construcción en la ingeniería hidráulica doméstica en el virreinato de la Nueva España / Tarsicio Pastrana Salcedo -- Vivienda campesina de productos de maguey / Francisco Pérez de Salazar Verea -- La industrialización del ladrillo a finales del siglo XIX en la ciudad de México / Jorge Arturo Pérez Escobar -- La construcción de vivienda en los barrios extramuros de la ciudad de Campeche en la segunda mitad del siglo XIX / Luis Alberto Pérez López -- Bóvedas de Ladrillo una construcción viva / Salvador Magdaleno Pimentel -- El conjunto de puentes del río Gévora en Badajoz, paisaje cultural de la ingeniería / Pedro Plasencia-Lozano -- Encofrados de madera para cascarones de concreto. Auditorio Francisco Vela, Facultad de Ingeniería Universidad de San Carlos de Guatemala / Victor Daniel Pozuelos Polanco y Germán Antonio Meléndez Fuentes -- El uso de costaneras de Pinus Occidentalis en la vivienda vernácula Dominicana / Esteban Prieto Vicioso -- Las bóvedas de crucería en el manuscrito de Fray Andrés de San Miguel / Enrique Rabasa Díaz; Benjamín Ibarra Sevilla y José Calvo López -- Pensamiento aristotélico en los tratados de arquitectura y construcción / Mario Raúl Ramírez de León -- La lámina de hormigón armado como tipo estructural en la teoría y obra de Eduardo Torroja / David Resano Resano -- Arquitectos vs Ingenieros en la historia de la prefabricación escolar en Francia posterior a la Segunda Guerra Mundial / Aleyda Reséndiz Vázquez -- Defensas Naturales y Defensas Construidas: La Ciudad Fortificada Irregular Moderna (Girona S.XVIII-XIX) / Ramon Ripoll; Miquel Ángel Chamorro; Josep Tresserras y Jordi Gomis -- Particularidades Constructivas Prehispánicas En La Región Rio Bec-Chenes Durante El Clásico En El Área Maya / Victor Daniel Rivera Grijalba -- De Tecpancalli a Palacio Nacional: 700 años de construcción continua / Lilia Teresa Rivero Weber; Pedro Antonio Espino Romo y Ricardo Muñoz Nájera -- Estudio de técnicas constructivas y tipología arquitectónica de la Estación de Trenes de Cachoeira Paulista Gustavo Rodrigues Secco y Ana Lúcia Arantes da Silva -- La arquitectura de los cines modernos, impulsora de las estructuras vistas de hormigón armado en Madrid / Ana Rodríguez García y Rafael Hernando De La Cuerda -- Sincretismo y construcción tradicional en madera: de las cocinas tseltales a las casas para las parteras en los Altos de Chiapas, México / Juan Pablo Rodríguez Méndez y José Agustín López Girón -- El hierro como material constructivo a fines del siglo XIX en la región veracruzana. Un estudio de caso / Abe Yillah Román Alvarado -- La Prefabricación En Yucatán Durante La Primera Mitad del Siglo XX / Manuel Arturo Román Kalisch -- Apuntes para una historia de los materiales y elementos constructivos en Torreón Coahuila / José Manuel Rosales Mendoza; Areli Magdiel López Montelongo; Gonzalo Pérez Gómez Martínez y Cynthia Araceli Tabares Orozco -- Diseño y construcción del templo parroquial de Santa Cruz y Soledad de la ciudad de México durante el siglo XVIII. Producto del pensamiento barroco mexicano / Christian Miguel Ruíz Rodríguez -- Construcción y destrucción histórica: ex convento de San Francisco Totimehuacan / Claudia Sabag Moreno -- Los mercados decimonónicos en San Luis Potosí. Novedad arquitectónica y estructural / Guadalupe Salazar González -- Transformación de los sistemas constructivos en concreto en la obra de Mario Pani / Lucia G. Santa Ana Lozada -- Las cimentaciones en la Ciudad de México de 1890 a 1980 / Perla Santa Ana Lozada -- Hacia una nueva manera de habitar el planeta / Jaime Alberto Sarmiento Ocampo -- Tectónicas: ¿Sostén o construcción? Arquitecturas recientes en el cono sur de América Latina / María Victoria Silvestre -- Las fachadas de los palacios italianos de Macerata del siglo XVII: Análisis De Las Técnicas Constructivas / Simona Rinaldi -- El buen salvaje que construye. La obra de Rafael Iglesia en Rosario, Argentina / Claudio Javier Solari -- Arquitectura, Disegno y Construcción: La Firmitas, Utilitas y Venustas en Andrea Palladio y Daniele Barbaro / Gabriela Solís Rebolledo -- Conservación y adaptación de un ascensor de 1906, obra de Antonio Palacios / Jaime Tarruell Vázquez; Miguel Ángel Medina Amorós y José Ignacio Pineda Enebral -- Pervivencia del uso de los materiales y procesos tradicionales de construcción en la zona de Cholula, Puebla. Un caso representativo / José Antonio Terán Bonilla -- La resilencia del Abruzzo. Construcción de edificios tradicionales resistentes a terremotos / Clara Verazzo -- La Importancia en el rescate histórico de La Carpintería Tradicional de Ribera del Puerto de Manzanillo, Colima. (1920 - 1960) / Marco Antonio Yáñez Ventura.</subfield>
  </datafield>
  <datafield tag="520" ind1=" " ind2=" ">
    <subfield code="a">Conference papers from the III International Hispano-American Congress on Construction History (III CHAHC-CDMX 2019) held in Mexico City in January 2019. Thus, after the first two editions that took place in Segovia (October 2015) and Donostia-San Sebastián ( October 2017), this academic meeting is consolidated and crosses the Atlantic to be held for the first time in Latin America. The objective of the III CHAHC-CDMX 2019 is to continue with the construction of knowledge in this discipline between the Spanish and Portuguese-speaking countries, in addition to continuing to open the range to researchers and scholars of the history of construction in pre-Hispanic, vice-American America, nineteenth and twentieth century.</subfield>
    <subfield code="c">--Source other than Library of Congress</subfield>
  </datafield>
  <datafield tag="650" ind1=" " ind2="0">
    <subfield code="a">Civil engineering</subfield>
    <subfield code="x">History</subfield>
    <subfield code="v">Congresses.</subfield>
  </datafield>
  <datafield tag="650" ind1=" " ind2="0">
    <subfield code="a">Architecture</subfield>
    <subfield code="x">History</subfield>
    <subfield code="v">Congresses.</subfield>
  </datafield>
  <datafield tag="650" ind1=" " ind2="0">
    <subfield code="a">Building</subfield>
    <subfield code="x">History</subfield>
    <subfield code="v">Congresses.</subfield>
  </datafield>
  <datafield tag="650" ind1=" " ind2="7">
    <subfield code="a">Architecture.</subfield>
    <subfield code="2">fast</subfield>
    <subfield code="0">(OCoLC)fst00813346</subfield>
  </datafield>
  <datafield tag="650" ind1=" " ind2="7">
    <subfield code="a">Building.</subfield>
    <subfield code="2">fast</subfield>
    <subfield code="0">(OCoLC)fst00840551</subfield>
  </datafield>
  <datafield tag="650" ind1=" " ind2="7">
    <subfield code="a">Civil engineering.</subfield>
    <subfield code="2">fast</subfield>
    <subfield code="0">(OCoLC)fst00862488</subfield>
  </datafield>
  <datafield tag="655" ind1=" " ind2="7">
    <subfield code="a">Conference papers and proceedings.</subfield>
    <subfield code="2">fast</subfield>
    <subfield code="0">(OCoLC)fst01423772</subfield>
  </datafield>
  <datafield tag="655" ind1=" " ind2="7">
    <subfield code="a">History.</subfield>
    <subfield code="2">fast</subfield>
    <subfield code="0">(OCoLC)fst01411628</subfield>
  </datafield>
  <datafield tag="700" ind1="1" ind2=" ">
    <subfield code="a">Cortés Rocha, Xavier,</subfield>
    <subfield code="e">writer of introduction.</subfield>
  </datafield>
  <datafield tag="700" ind1="1" ind2=" ">
    <subfield code="a">Cueto Ruiz-Funes, Juan Ignacio del,</subfield>
    <subfield code="e">writer of foreword,</subfield>
    <subfield code="e">editor.</subfield>
  </datafield>
  <datafield tag="700" ind1="1" ind2=" ">
    <subfield code="a">Méndez Pineda, Valeria M.,</subfield>
    <subfield code="e">editor.</subfield>
  </datafield>
  <datafield tag="700" ind1="1" ind2=" ">
    <subfield code="a">Huerta Fernández, Santiago,</subfield>
    <subfield code="e">editor.</subfield>
  </datafield>
  <datafield tag="700" ind1="1" ind2=" ">
    <subfield code="a">Hernández Hernández, Agustín,</subfield>
    <subfield code="e">contributor.</subfield>
  </datafield>
  <datafield tag="700" ind1="1" ind2=" ">
    <subfield code="a">González Gottdiener, Isaura,</subfield>
    <subfield code="e">contributor.</subfield>
  </datafield>
  <datafield tag="700" ind1="1" ind2=" ">
    <subfield code="a">Torre Rojas, Jimena,</subfield>
    <subfield code="e">contributor.</subfield>
  </datafield>
  <datafield tag="923" ind1=" " ind2=" ">
    <subfield code="d">20191009</subfield>
    <subfield code="n">78017</subfield>
    <subfield code="s">CVcHKB</subfield>
  </datafield>
  <datafield tag="985" ind1=" " ind2=" ">
    <subfield code="e">VENDOR LOAD</subfield>
  </datafield>
</record>