
<record>
  <leader>02658cam a2200397 i 4500</leader>
  <controlfield tag="001">21288663</controlfield>
  <controlfield tag="005">20200102110847.0</controlfield>
  <controlfield tag="008">191104t2019    nyu           000 f eng d</controlfield>
  <datafield tag="906" ind1=" " ind2=" ">
    <subfield code="a">0</subfield>
    <subfield code="b">ibc</subfield>
    <subfield code="c">copycat</subfield>
    <subfield code="d">2</subfield>
    <subfield code="e">ncip</subfield>
    <subfield code="f">20</subfield>
    <subfield code="g">y-gencatlg</subfield>
  </datafield>
  <datafield tag="925" ind1="0" ind2=" ">
    <subfield code="a">acquire</subfield>
    <subfield code="b">1 shelf copies</subfield>
    <subfield code="x">policy default</subfield>
  </datafield>
  <datafield tag="955" ind1=" " ind2=" ">
    <subfield code="b">rn05 2019-11-04 z-processor 1 copy to USPRLL</subfield>
    <subfield code="i">hc15 2019-12-11 to rev.</subfield>
    <subfield code="r">xk18 2020-01-02 reviewed</subfield>
  </datafield>
  <datafield tag="010" ind1=" " ind2=" ">
    <subfield code="a">  2018278121</subfield>
  </datafield>
  <datafield tag="020" ind1=" " ind2=" ">
    <subfield code="a">9781643130149</subfield>
    <subfield code="q">(hardcover)</subfield>
  </datafield>
  <datafield tag="020" ind1=" " ind2=" ">
    <subfield code="a">1643130145</subfield>
    <subfield code="q">(hardcover)</subfield>
  </datafield>
  <datafield tag="035" ind1=" " ind2=" ">
    <subfield code="a">(OCoLC)on1085545060</subfield>
  </datafield>
  <datafield tag="037" ind1=" " ind2=" ">
    <subfield code="b">W W Norton &amp; Co Inc, Keystone Industrial Park Attn Mike Charnogursky 800 Keystone Industrial Park, Scranton, PA, USA, 18512</subfield>
    <subfield code="n">SAN 202-5795</subfield>
  </datafield>
  <datafield tag="040" ind1=" " ind2=" ">
    <subfield code="a">NjBwBT</subfield>
    <subfield code="b">eng</subfield>
    <subfield code="c">FMG</subfield>
    <subfield code="e">rda</subfield>
    <subfield code="d">FMG</subfield>
    <subfield code="d">OCLCO</subfield>
    <subfield code="d">SXP</subfield>
    <subfield code="d">YDX</subfield>
    <subfield code="d">BDX</subfield>
    <subfield code="d">CCE</subfield>
    <subfield code="d">PCX</subfield>
    <subfield code="d">UAP</subfield>
    <subfield code="d">CO2</subfield>
    <subfield code="d">IJ5</subfield>
    <subfield code="d">JAG</subfield>
    <subfield code="d">SSH</subfield>
    <subfield code="d">PX0</subfield>
    <subfield code="d">JBO</subfield>
    <subfield code="d">OCLCO</subfield>
    <subfield code="d">OCP</subfield>
    <subfield code="d">ZQP</subfield>
    <subfield code="d">OCLCO</subfield>
    <subfield code="d">RB0</subfield>
    <subfield code="d">PAU</subfield>
    <subfield code="d">OCLCO</subfield>
    <subfield code="d">OCLCF</subfield>
    <subfield code="d">HQD</subfield>
    <subfield code="d">OCLCO</subfield>
    <subfield code="d">ZGR</subfield>
    <subfield code="d">ANK</subfield>
    <subfield code="d">OCLCO</subfield>
    <subfield code="d">DYJ</subfield>
    <subfield code="d">WSD</subfield>
    <subfield code="d">FEM</subfield>
    <subfield code="d">RKWLC</subfield>
    <subfield code="d">OCLCO</subfield>
    <subfield code="d">B@L</subfield>
    <subfield code="d">DGU</subfield>
    <subfield code="d">ZVR</subfield>
    <subfield code="d">FCS</subfield>
    <subfield code="d">OCLCO</subfield>
    <subfield code="d">ILM</subfield>
    <subfield code="d">OCLCO</subfield>
    <subfield code="d">JTH</subfield>
    <subfield code="d">KYC</subfield>
    <subfield code="d">WYL</subfield>
    <subfield code="d">OCLCO</subfield>
    <subfield code="d">CLE</subfield>
    <subfield code="d">OCLCO</subfield>
    <subfield code="d">JTJ</subfield>
    <subfield code="d">OCLCO</subfield>
    <subfield code="d">W6A</subfield>
    <subfield code="d">JSZ</subfield>
    <subfield code="d">OCLCO</subfield>
    <subfield code="d">BAZ</subfield>
    <subfield code="d">OCLCO</subfield>
    <subfield code="d">LKC</subfield>
    <subfield code="d">OCLCO</subfield>
    <subfield code="d">BYV</subfield>
    <subfield code="d">OCLCO</subfield>
    <subfield code="d">TXSCH</subfield>
    <subfield code="d">OCLCO</subfield>
    <subfield code="d">OCL</subfield>
    <subfield code="d">KD5</subfield>
    <subfield code="d">OCLCO</subfield>
    <subfield code="d">DLC</subfield>
  </datafield>
  <datafield tag="042" ind1=" " ind2=" ">
    <subfield code="a">pcc</subfield>
  </datafield>
  <datafield tag="043" ind1=" " ind2=" ">
    <subfield code="a">a-ii---</subfield>
  </datafield>
  <datafield tag="050" ind1="0" ind2="0">
    <subfield code="a">PR6113.U383</subfield>
    <subfield code="b">S56 2019</subfield>
  </datafield>
  <datafield tag="082" ind1="0" ind2="4">
    <subfield code="a">823/.92</subfield>
    <subfield code="2">23</subfield>
  </datafield>
  <datafield tag="100" ind1="1" ind2=" ">
    <subfield code="a">Mukherjee, Abir,</subfield>
    <subfield code="e">author.</subfield>
  </datafield>
  <datafield tag="245" ind1="1" ind2="0">
    <subfield code="a">Smoke and ashes :</subfield>
    <subfield code="b">a novel /</subfield>
    <subfield code="c">Abir Mukherjee.</subfield>
  </datafield>
  <datafield tag="246" ind1="3" ind2=" ">
    <subfield code="a">Smoke &amp; ashes</subfield>
  </datafield>
  <datafield tag="250" ind1=" " ind2=" ">
    <subfield code="a">First Pegasus Books hardcover edition.</subfield>
  </datafield>
  <datafield tag="264" ind1=" " ind2="1">
    <subfield code="a">New York :</subfield>
    <subfield code="b">Pegasus Books,</subfield>
    <subfield code="c">[2019]</subfield>
  </datafield>
  <datafield tag="264" ind1=" " ind2="4">
    <subfield code="c">©2019</subfield>
  </datafield>
  <datafield tag="300" ind1=" " ind2=" ">
    <subfield code="a">332 pages ;</subfield>
    <subfield code="c">24 cm</subfield>
  </datafield>
  <datafield tag="336" ind1=" " ind2=" ">
    <subfield code="a">text</subfield>
    <subfield code="b">txt</subfield>
    <subfield code="2">rdacontent</subfield>
  </datafield>
  <datafield tag="337" ind1=" " ind2=" ">
    <subfield code="a">unmediated</subfield>
    <subfield code="b">n</subfield>
    <subfield code="2">rdamedia</subfield>
  </datafield>
  <datafield tag="338" ind1=" " ind2=" ">
    <subfield code="a">volume</subfield>
    <subfield code="b">nc</subfield>
    <subfield code="2">rdacarrier</subfield>
  </datafield>
  <datafield tag="520" ind1=" " ind2=" ">
    <subfield code="a">India, 1921. Haunted by his memories of World War I, Captain Sam Wyndham is battling a serious addiction to opium that he must keep secret from his superiors in the Calcutta police force. When Sam is summoned to investigate a grisly murder, he is stunned at the sight of the body: he&apos;s seen this before. Last night, in a drug addled haze, he stumbled across a corpse with the same ritualistic injuries. It seems like there&apos;s a deranged killer on the loose. Unfortunately for Sam, the corpse was in an opium den--and revealing his presence there could cost him his career. With the aid of his quick-witted Indian Sergeant, Surrender-Not Banerjee, Sam must try to solve the two murders, all the while keeping his personal demons secret, before somebody else turns up dead.</subfield>
  </datafield>
  <datafield tag="650" ind1=" " ind2="0">
    <subfield code="a">Murder</subfield>
    <subfield code="x">Investigation</subfield>
    <subfield code="v">Fiction.</subfield>
  </datafield>
  <datafield tag="650" ind1=" " ind2="0">
    <subfield code="a">British</subfield>
    <subfield code="z">India</subfield>
    <subfield code="z">Kolkata</subfield>
    <subfield code="v">Fiction.</subfield>
  </datafield>
  <datafield tag="651" ind1=" " ind2="0">
    <subfield code="a">India</subfield>
    <subfield code="x">History</subfield>
    <subfield code="y">British occupation, 1765-1947</subfield>
    <subfield code="v">Fiction.</subfield>
  </datafield>
  <datafield tag="775" ind1="0" ind2="8">
    <subfield code="i">Reproduction of (manifestation):</subfield>
    <subfield code="a">Mukherjee, Abir.</subfield>
    <subfield code="t">Smoke and ashes</subfield>
    <subfield code="d">London : Harvill Secker, 2018</subfield>
    <subfield code="z">9781911215141</subfield>
  </datafield>
</record>