
<record>
  <leader>03436cam a2200433 i 4500</leader>
  <controlfield tag="001">21288691</controlfield>
  <controlfield tag="005">20200102141833.0</controlfield>
  <controlfield tag="008">191104t20182018nyu           000 1 eng d</controlfield>
  <datafield tag="906" ind1=" " ind2=" ">
    <subfield code="a">7</subfield>
    <subfield code="b">cbc</subfield>
    <subfield code="c">copycat</subfield>
    <subfield code="d">2</subfield>
    <subfield code="e">ncip</subfield>
    <subfield code="f">20</subfield>
    <subfield code="g">y-gencatlg</subfield>
  </datafield>
  <datafield tag="925" ind1="0" ind2=" ">
    <subfield code="a">acquire</subfield>
    <subfield code="b">1 shelf copy</subfield>
    <subfield code="x">policy default</subfield>
  </datafield>
  <datafield tag="955" ind1=" " ind2=" ">
    <subfield code="b">rn05 2019-11-04 z-processor 1 copy to USPRLL</subfield>
    <subfield code="i">hc15 2019-12-11 to rev.</subfield>
    <subfield code="r">xk18 2019-12-19 reviewed</subfield>
    <subfield code="a">hc15 2019-12-18 to CALM</subfield>
    <subfield code="c">xk04 2020-01-02 (NAR)</subfield>
  </datafield>
  <datafield tag="010" ind1=" " ind2=" ">
    <subfield code="a">  2018278124</subfield>
  </datafield>
  <datafield tag="015" ind1=" " ind2=" ">
    <subfield code="a">GBB8C0498</subfield>
    <subfield code="2">bnb</subfield>
  </datafield>
  <datafield tag="016" ind1="7" ind2=" ">
    <subfield code="a">018922274</subfield>
    <subfield code="2">Uk</subfield>
  </datafield>
  <datafield tag="020" ind1=" " ind2=" ">
    <subfield code="a">9781683317654</subfield>
    <subfield code="q">(hardcover)</subfield>
  </datafield>
  <datafield tag="020" ind1=" " ind2=" ">
    <subfield code="a">1683317653</subfield>
    <subfield code="q">(hardcover)</subfield>
  </datafield>
  <datafield tag="035" ind1=" " ind2=" ">
    <subfield code="a">(OCoLC)on1046984085</subfield>
  </datafield>
  <datafield tag="040" ind1=" " ind2=" ">
    <subfield code="a">ON8</subfield>
    <subfield code="b">eng</subfield>
    <subfield code="c">ON8</subfield>
    <subfield code="e">rda</subfield>
    <subfield code="d">GP5</subfield>
    <subfield code="d">ZHB</subfield>
    <subfield code="d">ILC</subfield>
    <subfield code="d">PFLCL</subfield>
    <subfield code="d">DPL</subfield>
    <subfield code="d">OCLCF</subfield>
    <subfield code="d">OCLCO</subfield>
    <subfield code="d">OCLCQ</subfield>
    <subfield code="d">OCLCO</subfield>
    <subfield code="d">UKMGB</subfield>
    <subfield code="d">ZAC</subfield>
    <subfield code="d">OCL</subfield>
    <subfield code="d">OQX</subfield>
    <subfield code="d">TM8</subfield>
    <subfield code="d">OCLCO</subfield>
    <subfield code="d">LKC</subfield>
    <subfield code="d">OCLCO</subfield>
    <subfield code="d">NZAUC</subfield>
    <subfield code="d">OCLCO</subfield>
    <subfield code="d">BYV</subfield>
    <subfield code="d">OCLCO</subfield>
    <subfield code="d">RIOSL</subfield>
    <subfield code="d">OCL</subfield>
    <subfield code="d">DLC</subfield>
  </datafield>
  <datafield tag="042" ind1=" " ind2=" ">
    <subfield code="a">pcc</subfield>
  </datafield>
  <datafield tag="043" ind1=" " ind2=" ">
    <subfield code="a">e-uk-en</subfield>
  </datafield>
  <datafield tag="050" ind1="0" ind2="0">
    <subfield code="a">PS3601.V64</subfield>
    <subfield code="b">B88 2018</subfield>
  </datafield>
  <datafield tag="082" ind1="0" ind2="4">
    <subfield code="a">813/.6</subfield>
    <subfield code="2">23</subfield>
  </datafield>
  <datafield tag="100" ind1="1" ind2=" ">
    <subfield code="a">Conroy, Vivian,</subfield>
    <subfield code="e">author.</subfield>
  </datafield>
  <datafield tag="245" ind1="1" ind2="4">
    <subfield code="a">The butterfly conspiracy /</subfield>
    <subfield code="c">Vivian Conroy.</subfield>
  </datafield>
  <datafield tag="250" ind1=" " ind2=" ">
    <subfield code="a">First edition.</subfield>
  </datafield>
  <datafield tag="264" ind1=" " ind2="1">
    <subfield code="a">New York :</subfield>
    <subfield code="b">Crooked Lane,</subfield>
    <subfield code="c">2018.</subfield>
  </datafield>
  <datafield tag="264" ind1=" " ind2="4">
    <subfield code="c">©2018</subfield>
  </datafield>
  <datafield tag="300" ind1=" " ind2=" ">
    <subfield code="a">297 pages ;</subfield>
    <subfield code="c">22 cm.</subfield>
  </datafield>
  <datafield tag="336" ind1=" " ind2=" ">
    <subfield code="a">text</subfield>
    <subfield code="b">txt</subfield>
    <subfield code="2">rdacontent</subfield>
  </datafield>
  <datafield tag="337" ind1=" " ind2=" ">
    <subfield code="a">unmediated</subfield>
    <subfield code="b">n</subfield>
    <subfield code="2">rdamedia</subfield>
  </datafield>
  <datafield tag="338" ind1=" " ind2=" ">
    <subfield code="a">volume</subfield>
    <subfield code="b">nc</subfield>
    <subfield code="2">rdacarrier</subfield>
  </datafield>
  <datafield tag="490" ind1="1" ind2=" ">
    <subfield code="a">A Merriweather and Royston Mystery</subfield>
  </datafield>
  <datafield tag="520" ind1=" " ind2=" ">
    <subfield code="a">&quot;Miss Merula Merriweather is not like other women her age: instead of hunting for a husband at balls and soirees she spends her time in a conservatory hatching exotic creatures. As the Royal Zoological Society won&apos;t accept a woman&apos;s accomplishments, she has her uncle Rupert take credit for her achievements. But at a zoological lecture, the guest of honor dies after contact with one of Merula&apos;s butterflies, and Merula&apos;s uncle is arrested for murder. In an attempt to safeguard evidence to prove his innocence, Merula almost gets killed but for the timely interference of enigmatic Lord Raven Royston. Viewing natural history as a last resort to regain respectability lost by too many dubious business investments, Raven didn&apos;t expect his first lecture to take a murderous turn. Feeling partially responsible because he encouraged Merula to release the gigantic butterfly from the glass case in which it was kept, Raven suggests they solve the puzzle of Lady Sophia&apos;s sudden death together by looking closer at her relations with estranged friends, long suffering staff and the man groomed to be her heir, so close to her money and yet unable to touch any of it ...&quot;--Jacket.</subfield>
  </datafield>
  <datafield tag="520" ind1=" " ind2=" ">
    <subfield code="a">Instead of hunting for a husband at balls and soirees, Merula Merriweather spends her time in a conservatory hatching exotic creatures. As the Royal Zoological Society won&apos;t accept a woman&apos;s accomplishments, she has her uncle Rupert take credit for her achievements. When a guest lecturer dies after contact with one of Merula&apos;s butterflies, Rupert is arrested for murder. Lord Raven Royston is trying to regain respectability after too many dubious business investments, and thought attending a natural history lecture would be a good-- if boring-- start. The two must work together to solve the puzzle of Lady Sophia&apos;s sudden death. -- adapted from dust jacket.</subfield>
  </datafield>
  <datafield tag="650" ind1=" " ind2="0">
    <subfield code="a">Murder</subfield>
    <subfield code="x">Investigation</subfield>
    <subfield code="v">Fiction.</subfield>
  </datafield>
  <datafield tag="650" ind1=" " ind2="0">
    <subfield code="a">Butterflies</subfield>
    <subfield code="v">Fiction.</subfield>
  </datafield>
  <datafield tag="650" ind1=" " ind2="0">
    <subfield code="a">Sex role</subfield>
    <subfield code="v">Fiction.</subfield>
  </datafield>
  <datafield tag="651" ind1=" " ind2="0">
    <subfield code="a">London (England)</subfield>
    <subfield code="x">History</subfield>
    <subfield code="y">19th century</subfield>
    <subfield code="v">Fiction.</subfield>
  </datafield>
  <datafield tag="800" ind1="1" ind2=" ">
    <subfield code="a">Conroy, Vivian.</subfield>
    <subfield code="t">Merriweather and Royston mystery ;</subfield>
    <subfield code="v">1.</subfield>
  </datafield>
</record>