
<record>
  <leader>02060cam a22004455i 4500</leader>
  <controlfield tag="001">21288775</controlfield>
  <controlfield tag="005">20200102133501.0</controlfield>
  <controlfield tag="008">191104s1999    pl ab    b    000 0 pol d</controlfield>
  <datafield tag="906" ind1=" " ind2=" ">
    <subfield code="a">0</subfield>
    <subfield code="b">ibc</subfield>
    <subfield code="c">copycat</subfield>
    <subfield code="d">3</subfield>
    <subfield code="e">ncip</subfield>
    <subfield code="f">20</subfield>
    <subfield code="g">y-gencatlg</subfield>
  </datafield>
  <datafield tag="925" ind1="0" ind2=" ">
    <subfield code="a">acquire</subfield>
    <subfield code="b">1 shelf copy</subfield>
    <subfield code="x">policy default</subfield>
  </datafield>
  <datafield tag="955" ind1=" " ind2=" ">
    <subfield code="b">fc19 2019-11-04 z-processor</subfield>
    <subfield code="a">fc00 2019-12-27 to GS/ECE</subfield>
    <subfield code="i">fc19 2019-12-27 Telework</subfield>
  </datafield>
  <datafield tag="010" ind1=" " ind2=" ">
    <subfield code="a">  2019453441</subfield>
  </datafield>
  <datafield tag="035" ind1=" " ind2=" ">
    <subfield code="a">(OCoLC)ocm44597938</subfield>
  </datafield>
  <datafield tag="040" ind1=" " ind2=" ">
    <subfield code="a">GIS</subfield>
    <subfield code="b">eng</subfield>
    <subfield code="e">rda</subfield>
    <subfield code="c">GIS</subfield>
    <subfield code="d">OCLCQ</subfield>
    <subfield code="d">OCLCF</subfield>
    <subfield code="d">OCLCQ</subfield>
    <subfield code="d">OCLCO</subfield>
    <subfield code="d">DLC</subfield>
  </datafield>
  <datafield tag="041" ind1="0" ind2=" ">
    <subfield code="a">pol</subfield>
    <subfield code="b">eng</subfield>
  </datafield>
  <datafield tag="042" ind1=" " ind2=" ">
    <subfield code="a">lccopycat</subfield>
  </datafield>
  <datafield tag="043" ind1=" " ind2=" ">
    <subfield code="a">e-pl---</subfield>
  </datafield>
  <datafield tag="050" ind1="0" ind2="0">
    <subfield code="a">QE276.5</subfield>
    <subfield code="b">.D53 1999</subfield>
  </datafield>
  <datafield tag="245" ind1="0" ind2="0">
    <subfield code="a">Diageneza osadów permu górnego i mezozoiku Kujaw :</subfield>
    <subfield code="b">(z 33 fig. i 27 tabl.) = Diagenesis of the Upper Permian and Mesozoic deposits of the Kujawy Region (Central Poland) /</subfield>
    <subfield code="c">pod redakcją naukową Anny Maliszewskiej.</subfield>
  </datafield>
  <datafield tag="246" ind1="3" ind2="1">
    <subfield code="a">Diagenesis of the Upper Permian and Mesozoic deposits of the Kujawy Region (Central Poland)</subfield>
  </datafield>
  <datafield tag="264" ind1=" " ind2="1">
    <subfield code="a">Warszawa :</subfield>
    <subfield code="b">Państwowy Instytut Geologiczny,</subfield>
    <subfield code="c">1999.</subfield>
  </datafield>
  <datafield tag="300" ind1=" " ind2=" ">
    <subfield code="a">154 pages :</subfield>
    <subfield code="b">illustrations (some color), map ;</subfield>
    <subfield code="c">30 cm.</subfield>
  </datafield>
  <datafield tag="336" ind1=" " ind2=" ">
    <subfield code="a">text</subfield>
    <subfield code="b">txt</subfield>
    <subfield code="2">rdacontent</subfield>
  </datafield>
  <datafield tag="337" ind1=" " ind2=" ">
    <subfield code="a">unmediated</subfield>
    <subfield code="b">n</subfield>
    <subfield code="2">rdamedia</subfield>
  </datafield>
  <datafield tag="338" ind1=" " ind2=" ">
    <subfield code="a">volume</subfield>
    <subfield code="b">nc</subfield>
    <subfield code="2">rdacarrier</subfield>
  </datafield>
  <datafield tag="490" ind1="1" ind2=" ">
    <subfield code="a">Prace Państwowego Instytutu Geologicznego,</subfield>
    <subfield code="x">0866-9465 ;</subfield>
    <subfield code="v">CLXVII</subfield>
  </datafield>
  <datafield tag="546" ind1=" " ind2=" ">
    <subfield code="a">Summary in English.</subfield>
  </datafield>
  <datafield tag="504" ind1=" " ind2=" ">
    <subfield code="a">Includes bibliographical references (pages 142-146).</subfield>
  </datafield>
  <datafield tag="650" ind1=" " ind2="0">
    <subfield code="a">Diagenesis</subfield>
    <subfield code="z">Poland</subfield>
    <subfield code="z">Kujawy.</subfield>
  </datafield>
  <datafield tag="650" ind1=" " ind2="0">
    <subfield code="a">Sedimentology</subfield>
    <subfield code="z">Poland</subfield>
    <subfield code="z">Kujawy.</subfield>
  </datafield>
  <datafield tag="650" ind1=" " ind2="0">
    <subfield code="a">Geology, Stratigraphic</subfield>
    <subfield code="y">Permian.</subfield>
  </datafield>
  <datafield tag="650" ind1=" " ind2="0">
    <subfield code="a">Geology, Stratigraphic</subfield>
    <subfield code="y">Mesozoic.</subfield>
  </datafield>
  <datafield tag="650" ind1=" " ind2="7">
    <subfield code="a">Diagenesis.</subfield>
    <subfield code="2">fast</subfield>
    <subfield code="0">(OCoLC)fst00892271</subfield>
  </datafield>
  <datafield tag="650" ind1=" " ind2="7">
    <subfield code="a">Geology, Stratigraphic.</subfield>
    <subfield code="2">fast</subfield>
    <subfield code="0">(OCoLC)fst00940727</subfield>
  </datafield>
  <datafield tag="650" ind1=" " ind2="7">
    <subfield code="a">Mesozoic Geologic Period.</subfield>
    <subfield code="2">fast</subfield>
    <subfield code="0">(OCoLC)fst01353691</subfield>
  </datafield>
  <datafield tag="650" ind1=" " ind2="7">
    <subfield code="a">Permian Geologic Period.</subfield>
    <subfield code="2">fast</subfield>
    <subfield code="0">(OCoLC)fst01353971</subfield>
  </datafield>
  <datafield tag="651" ind1=" " ind2="7">
    <subfield code="a">Poland</subfield>
    <subfield code="z">Kujawy.</subfield>
    <subfield code="2">fast</subfield>
    <subfield code="0">(OCoLC)fst01245559</subfield>
  </datafield>
  <datafield tag="648" ind1=" " ind2="7">
    <subfield code="a">From 65 to 280 million years ago</subfield>
    <subfield code="2">fast</subfield>
  </datafield>
  <datafield tag="700" ind1="1" ind2=" ">
    <subfield code="a">Maliszewska, Anna,</subfield>
    <subfield code="e">editor.</subfield>
  </datafield>
  <datafield tag="830" ind1=" " ind2="0">
    <subfield code="a">Prace Państwowego Instytutu Geologicznego (1988) ;</subfield>
    <subfield code="v">no. 167.</subfield>
    <subfield code="x">0866-9465</subfield>
  </datafield>
</record>