
<record>
  <leader>03392cam a22004818i 4500</leader>
  <controlfield tag="001">21290291</controlfield>
  <controlfield tag="005">20200102120959.0</controlfield>
  <controlfield tag="008">191105t20192019oru      b    001 0 eng  </controlfield>
  <datafield tag="906" ind1=" " ind2=" ">
    <subfield code="a">0</subfield>
    <subfield code="b">vip</subfield>
    <subfield code="c">orignew</subfield>
    <subfield code="d">1</subfield>
    <subfield code="e">ecip</subfield>
    <subfield code="f">20</subfield>
    <subfield code="g">y-gencatlg</subfield>
  </datafield>
  <datafield tag="925" ind1="0" ind2=" ">
    <subfield code="a">acquire</subfield>
    <subfield code="b">1 shelf copy</subfield>
    <subfield code="x">policy default</subfield>
  </datafield>
  <datafield tag="955" ind1=" " ind2=" ">
    <subfield code="b">re25 2019-11-05</subfield>
    <subfield code="c">re25 2019-11-05 (telework)</subfield>
    <subfield code="d">re25 2019-11-08 (telework)</subfield>
    <subfield code="e">re12 2019-11-08 to Dewey</subfield>
    <subfield code="w">re09 2019-11-18 to CIP</subfield>
    <subfield code="a">xn11 2019-12-17 1 copy rec&apos;d., to CIP ver.</subfield>
    <subfield code="a">re13 2020-01-02 Copy 1 Barcode 00510223421 for telework</subfield>
  </datafield>
  <datafield tag="010" ind1=" " ind2=" ">
    <subfield code="a">  2019036200</subfield>
  </datafield>
  <datafield tag="020" ind1=" " ind2=" ">
    <subfield code="a">9781564847867</subfield>
    <subfield code="q">(Paperback)</subfield>
  </datafield>
  <datafield tag="020" ind1=" " ind2=" ">
    <subfield code="z">9781564847843</subfield>
    <subfield code="q">(ePub)</subfield>
  </datafield>
  <datafield tag="020" ind1=" " ind2=" ">
    <subfield code="z">9781564847836</subfield>
    <subfield code="q">(mobi)</subfield>
  </datafield>
  <datafield tag="020" ind1=" " ind2=" ">
    <subfield code="z">9781564847850</subfield>
    <subfield code="q">(PDF)</subfield>
  </datafield>
  <datafield tag="040" ind1=" " ind2=" ">
    <subfield code="a">DLC</subfield>
    <subfield code="b">eng</subfield>
    <subfield code="c">DLC</subfield>
    <subfield code="e">rda</subfield>
  </datafield>
  <datafield tag="042" ind1=" " ind2=" ">
    <subfield code="a">pcc</subfield>
  </datafield>
  <datafield tag="050" ind1="0" ind2="0">
    <subfield code="a">LB1028.3</subfield>
    <subfield code="b">.V36 2019</subfield>
  </datafield>
  <datafield tag="082" ind1="0" ind2="0">
    <subfield code="a">371.33</subfield>
    <subfield code="2">23</subfield>
  </datafield>
  <datafield tag="100" ind1="1" ind2=" ">
    <subfield code="a">Van Ledtje, Olivia,</subfield>
    <subfield code="e">author.</subfield>
  </datafield>
  <datafield tag="245" ind1="1" ind2="0">
    <subfield code="a">Spark change :</subfield>
    <subfield code="b">making your mark in a digital world /</subfield>
    <subfield code="c">Olivia Van Ledtje and Cynthia Merrill.</subfield>
  </datafield>
  <datafield tag="246" ind1="3" ind2="0">
    <subfield code="a">Making your mark in a digital world</subfield>
  </datafield>
  <datafield tag="250" ind1=" " ind2=" ">
    <subfield code="a">First Edition.</subfield>
  </datafield>
  <datafield tag="263" ind1=" " ind2=" ">
    <subfield code="a">1111</subfield>
  </datafield>
  <datafield tag="264" ind1=" " ind2="1">
    <subfield code="a">Portland, Oregon ;</subfield>
    <subfield code="a">Arlington, Virginia :</subfield>
    <subfield code="b">International Society for Technology in Education,</subfield>
    <subfield code="c">2019.</subfield>
  </datafield>
  <datafield tag="264" ind1=" " ind2="4">
    <subfield code="c">© 2019 International Society for Technology in Education.</subfield>
  </datafield>
  <datafield tag="300" ind1=" " ind2=" ">
    <subfield code="a">xxvi, 148 pages :</subfield>
    <subfield code="b">illustrations ;</subfield>
    <subfield code="c">22 cm</subfield>
  </datafield>
  <datafield tag="336" ind1=" " ind2=" ">
    <subfield code="a">text</subfield>
    <subfield code="b">txt</subfield>
    <subfield code="2">rdacontent</subfield>
  </datafield>
  <datafield tag="337" ind1=" " ind2=" ">
    <subfield code="a">unmediated</subfield>
    <subfield code="b">n</subfield>
    <subfield code="2">rdamedia</subfield>
  </datafield>
  <datafield tag="338" ind1=" " ind2=" ">
    <subfield code="a">volume</subfield>
    <subfield code="b">nc</subfield>
    <subfield code="2">rdacarrier</subfield>
  </datafield>
  <datafield tag="504" ind1=" " ind2=" ">
    <subfield code="a">Includes bibliographical references and index.</subfield>
  </datafield>
  <datafield tag="505" ind1="2" ind2=" ">
    <subfield code="a">Introduction -- Digital rights -- Digital purpose -- Digital authenticity -- Digital creation -- Digital activism -- Digital exploration -- Digital future.</subfield>
  </datafield>
  <datafield tag="520" ind1=" " ind2=" ">
    <subfield code="a">&quot;Kids are naturally curious about the world around them. They seek ways to understand and interact with their environment, often using digital tools to do so. Imagine a world where children&apos;s curiosities are amplified - helping them see the power of their thinking, perspective and voice. Spark Change examines the multitude of possibilities available when students are given the opportunity to amplify their learning online, centering on three ideas of citizenship: be a good person, be critical and be an advocate for something you care about in life. The book introduces readers to Liv, a young changemaker empowered to use digital tools to create and share content online. Liv&apos;s story offers readers an opportunity to explore how students can use technology as a tool for empathy, equity and activism. Kids can&apos;t become changemakers if they aren&apos;t empowered to think beyond their own community. Liv&apos;s online sense of agency serves as an example of maximizing opportunities, developing a powerful voice and making global connections that deepen her compassion for people and the world&quot;--</subfield>
    <subfield code="c">Provided by publisher.</subfield>
  </datafield>
  <datafield tag="650" ind1=" " ind2="0">
    <subfield code="a">Educational technology</subfield>
    <subfield code="x">Moral and ethical aspects.</subfield>
  </datafield>
  <datafield tag="650" ind1=" " ind2="0">
    <subfield code="a">Internet in education</subfield>
    <subfield code="x">Moral and ethical aspects.</subfield>
  </datafield>
  <datafield tag="650" ind1=" " ind2="0">
    <subfield code="a">Web-based instruction</subfield>
    <subfield code="x">Social aspects.</subfield>
  </datafield>
  <datafield tag="650" ind1=" " ind2="0">
    <subfield code="a">Computer-assisted instruction</subfield>
    <subfield code="x">Social aspects.</subfield>
  </datafield>
  <datafield tag="650" ind1=" " ind2="0">
    <subfield code="a">Education</subfield>
    <subfield code="x">Computer network resources.</subfield>
  </datafield>
  <datafield tag="650" ind1=" " ind2="0">
    <subfield code="a">Moral education.</subfield>
  </datafield>
  <datafield tag="700" ind1="1" ind2=" ">
    <subfield code="a">Merrill, Cynthia,</subfield>
    <subfield code="e">author.</subfield>
  </datafield>
  <datafield tag="710" ind1="2" ind2=" ">
    <subfield code="a">International Society for Technology in Education.</subfield>
  </datafield>
  <datafield tag="776" ind1="0" ind2="8">
    <subfield code="i">Online version:</subfield>
    <subfield code="a">Van Ledtje, Olivia,</subfield>
    <subfield code="t">Spark change</subfield>
    <subfield code="d">Portland : International Society for Technology in Education, 2019.</subfield>
    <subfield code="z">9781564847843</subfield>
    <subfield code="w">(DLC) 2019036201</subfield>
  </datafield>
</record>