
<record>
  <leader>02647cam a2200481 i 4500</leader>
  <controlfield tag="001">21304663</controlfield>
  <controlfield tag="005">20200102072119.0</controlfield>
  <controlfield tag="008">190605s2019    hu       b    000 0 hun c</controlfield>
  <datafield tag="906" ind1=" " ind2=" ">
    <subfield code="a">0</subfield>
    <subfield code="b">ibc</subfield>
    <subfield code="c">pccadap</subfield>
    <subfield code="d">3</subfield>
    <subfield code="e">ncip</subfield>
    <subfield code="f">20</subfield>
    <subfield code="g">y-gencatlg</subfield>
  </datafield>
  <datafield tag="925" ind1="0" ind2=" ">
    <subfield code="a">acquire</subfield>
    <subfield code="b">1 shelf copy</subfield>
    <subfield code="x">policy default</subfield>
  </datafield>
  <datafield tag="955" ind1=" " ind2=" ">
    <subfield code="a">ve27 2019-11-22</subfield>
    <subfield code="b">fc15 2019-11-30</subfield>
    <subfield code="a">fc00 2019-12-09 to GS/ECE</subfield>
    <subfield code="i">fc15 2020-01-02 to BCCD (telework)</subfield>
  </datafield>
  <datafield tag="010" ind1=" " ind2=" ">
    <subfield code="a">  2019453908</subfield>
  </datafield>
  <datafield tag="020" ind1=" " ind2=" ">
    <subfield code="a">9789634751540</subfield>
  </datafield>
  <datafield tag="020" ind1=" " ind2=" ">
    <subfield code="a">9634751547</subfield>
  </datafield>
  <datafield tag="035" ind1=" " ind2=" ">
    <subfield code="a">(OCoLC)on1105644546</subfield>
  </datafield>
  <datafield tag="040" ind1=" " ind2=" ">
    <subfield code="a">ZCU</subfield>
    <subfield code="b">eng</subfield>
    <subfield code="c">ZCU</subfield>
    <subfield code="e">rda</subfield>
    <subfield code="d">OCLCO</subfield>
    <subfield code="d">IUL</subfield>
    <subfield code="d">CUY</subfield>
    <subfield code="d">DLC</subfield>
  </datafield>
  <datafield tag="042" ind1=" " ind2=" ">
    <subfield code="a">pcc</subfield>
  </datafield>
  <datafield tag="043" ind1=" " ind2=" ">
    <subfield code="a">e-hu---</subfield>
  </datafield>
  <datafield tag="050" ind1="0" ind2="0">
    <subfield code="a">DB955.7</subfield>
    <subfield code="b">.T47 2019</subfield>
  </datafield>
  <datafield tag="245" ind1="0" ind2="0">
    <subfield code="a">Terror 1918-1919 :</subfield>
    <subfield code="b">forradalmárok, ellenforradalmárok, megszállók /</subfield>
    <subfield code="c">szerkesztette: Müller Rolf, Takács Tibor, Tulipán Éva.</subfield>
  </datafield>
  <datafield tag="264" ind1=" " ind2="1">
    <subfield code="a">Budapest :</subfield>
    <subfield code="b">Jaffa Kiadó,</subfield>
    <subfield code="c">2019.</subfield>
  </datafield>
  <datafield tag="300" ind1=" " ind2=" ">
    <subfield code="a">247 pages ;</subfield>
    <subfield code="c">21 cm.</subfield>
  </datafield>
  <datafield tag="336" ind1=" " ind2=" ">
    <subfield code="a">text</subfield>
    <subfield code="b">txt</subfield>
    <subfield code="2">rdacontent</subfield>
  </datafield>
  <datafield tag="337" ind1=" " ind2=" ">
    <subfield code="a">unmediated</subfield>
    <subfield code="b">n</subfield>
    <subfield code="2">rdamedia</subfield>
  </datafield>
  <datafield tag="338" ind1=" " ind2=" ">
    <subfield code="a">volume</subfield>
    <subfield code="b">nc</subfield>
    <subfield code="2">rdacarrier</subfield>
  </datafield>
  <datafield tag="490" ind1="1" ind2=" ">
    <subfield code="a">Modern magyar történelem,</subfield>
    <subfield code="x">2559-9666</subfield>
  </datafield>
  <datafield tag="504" ind1=" " ind2=" ">
    <subfield code="a">Includes bibliographical references.</subfield>
  </datafield>
  <datafield tag="505" ind1="0" ind2=" ">
    <subfield code="a">Mert tiéd a hatalom...? : Erdély, Bánság és Partium a változó hatalmi intézmények örvényében, 1918-1920 / Lönhárt Tamás -- Civilek elleni erőszak Kassán : az első csehszlovák megszállás hónapjai,  1918. december-1919. június / Szeghy-Gayer Veronika -- Kék és vörös terror : intézményes erőszak a Délvidéken, 1919-1925 / Dévavári Zoltán -- Az elfeledett &quot;nagy félelem&quot; : a magyar vidék 1918 novemberében / Hatos Pál -- Erőszak ellenfényben : Szamuely Tibor az ellenforradalmi rezsimben / Takács Tibor -- A tett propagandájától a vörös inkvizícióig : Korvin Ottó és az erőszak metamorfózisai / Varga Krisztián -- A fehérterror &quot;logikája&quot; : események, olvasatok, kontextusok / Paksa Rudolf.</subfield>
  </datafield>
  <datafield tag="651" ind1=" " ind2="0">
    <subfield code="a">Hungary</subfield>
    <subfield code="x">History</subfield>
    <subfield code="y">Revolution, 1918-1919.</subfield>
  </datafield>
  <datafield tag="650" ind1=" " ind2="0">
    <subfield code="a">World War, 1914-1918</subfield>
    <subfield code="z">Hungary.</subfield>
  </datafield>
  <datafield tag="650" ind1=" " ind2="0">
    <subfield code="a">Atrocities</subfield>
    <subfield code="z">Hungary</subfield>
    <subfield code="x">History</subfield>
    <subfield code="y">20th century.</subfield>
  </datafield>
  <datafield tag="650" ind1=" " ind2="0">
    <subfield code="a">Political violence</subfield>
    <subfield code="z">Hungary</subfield>
    <subfield code="x">History</subfield>
    <subfield code="y">20th century.</subfield>
  </datafield>
  <datafield tag="611" ind1="2" ind2="7">
    <subfield code="a">Revolution (Hungary : 1918-1919)</subfield>
    <subfield code="2">fast</subfield>
    <subfield code="0">(OCoLC)fst01354527</subfield>
  </datafield>
  <datafield tag="651" ind1=" " ind2="7">
    <subfield code="a">Hungary.</subfield>
    <subfield code="2">fast</subfield>
    <subfield code="0">(OCoLC)fst01205132</subfield>
  </datafield>
  <datafield tag="648" ind1=" " ind2="7">
    <subfield code="a">1918-1919</subfield>
    <subfield code="2">fast</subfield>
  </datafield>
  <datafield tag="655" ind1=" " ind2="7">
    <subfield code="a">History.</subfield>
    <subfield code="2">fast</subfield>
    <subfield code="0">(OCoLC)fst01411628</subfield>
  </datafield>
  <datafield tag="700" ind1="1" ind2=" ">
    <subfield code="a">Müller, Rolf,</subfield>
    <subfield code="d">1974-</subfield>
    <subfield code="e">editor.</subfield>
  </datafield>
  <datafield tag="700" ind1="1" ind2=" ">
    <subfield code="a">Takács, Tibor,</subfield>
    <subfield code="d">1974-</subfield>
    <subfield code="e">editor.</subfield>
  </datafield>
  <datafield tag="700" ind1="1" ind2=" ">
    <subfield code="a">Tulipán, Éva,</subfield>
    <subfield code="d">1975-</subfield>
    <subfield code="e">editor.</subfield>
  </datafield>
  <datafield tag="710" ind1="2" ind2=" ">
    <subfield code="a">Jaffa Kiadó,</subfield>
    <subfield code="e">issuing body.</subfield>
  </datafield>
  <datafield tag="830" ind1=" " ind2="0">
    <subfield code="a">Modern magyar törtenelem.</subfield>
  </datafield>
  <datafield tag="923" ind1=" " ind2=" ">
    <subfield code="d">20191104</subfield>
    <subfield code="n">195687</subfield>
    <subfield code="s">HU-Bp-BKP</subfield>
  </datafield>
  <datafield tag="985" ind1=" " ind2=" ">
    <subfield code="e">VENDOR LOAD</subfield>
  </datafield>
</record>