
<record>
  <leader>02729cam a22004578i 4500</leader>
  <controlfield tag="001">21316722</controlfield>
  <controlfield tag="005">20200102100719.0</controlfield>
  <controlfield tag="008">191202t20202020alu           000 0 eng  </controlfield>
  <datafield tag="906" ind1=" " ind2=" ">
    <subfield code="a">7</subfield>
    <subfield code="b">cbc</subfield>
    <subfield code="c">orignew</subfield>
    <subfield code="d">1</subfield>
    <subfield code="e">ecip</subfield>
    <subfield code="f">20</subfield>
    <subfield code="g">y-gencatlg</subfield>
  </datafield>
  <datafield tag="925" ind1="0" ind2=" ">
    <subfield code="a">acquire</subfield>
    <subfield code="b">1 shelf copy</subfield>
    <subfield code="x">policy default</subfield>
  </datafield>
  <datafield tag="955" ind1=" " ind2=" ">
    <subfield code="b">re25 2019-12-02</subfield>
    <subfield code="i">re25 2019-12-02 (telework) to Dewey</subfield>
    <subfield code="w">xm09 2019-12-2</subfield>
  </datafield>
  <datafield tag="010" ind1=" " ind2=" ">
    <subfield code="a">  2019055249</subfield>
  </datafield>
  <datafield tag="020" ind1=" " ind2=" ">
    <subfield code="a">9780899976976</subfield>
    <subfield code="q">(Paperback)</subfield>
  </datafield>
  <datafield tag="020" ind1=" " ind2=" ">
    <subfield code="z">9780899976983</subfield>
    <subfield code="q">(eBook)</subfield>
  </datafield>
  <datafield tag="040" ind1=" " ind2=" ">
    <subfield code="a">DLC</subfield>
    <subfield code="b">eng</subfield>
    <subfield code="c">DLC</subfield>
    <subfield code="e">rda</subfield>
  </datafield>
  <datafield tag="042" ind1=" " ind2=" ">
    <subfield code="a">pcc</subfield>
  </datafield>
  <datafield tag="043" ind1=" " ind2=" ">
    <subfield code="a">n-us-il</subfield>
  </datafield>
  <datafield tag="050" ind1="0" ind2="0">
    <subfield code="a">F548.18</subfield>
    <subfield code="b">.P36 2020</subfield>
  </datafield>
  <datafield tag="082" ind1="0" ind2="0">
    <subfield code="a">917.73/1104</subfield>
    <subfield code="2">23</subfield>
  </datafield>
  <datafield tag="100" ind1="1" ind2=" ">
    <subfield code="a">Loerzel, Robert,</subfield>
    <subfield code="d">1966-</subfield>
    <subfield code="e">author.</subfield>
  </datafield>
  <datafield tag="245" ind1="1" ind2="0">
    <subfield code="a">Walking Chicago :</subfield>
    <subfield code="b">35 tours of the Windy City&apos;s dynamic neighborhoods and famous lakeshore /</subfield>
    <subfield code="c">Robert Loerzel.</subfield>
  </datafield>
  <datafield tag="246" ind1="3" ind2="0">
    <subfield code="a">Thirty-five tours of the Windy City&apos;s dynamic neighborhoods and famous lakeshore</subfield>
  </datafield>
  <datafield tag="250" ind1=" " ind2=" ">
    <subfield code="a">Second Edition.</subfield>
  </datafield>
  <datafield tag="263" ind1=" " ind2=" ">
    <subfield code="a">2008</subfield>
  </datafield>
  <datafield tag="264" ind1=" " ind2="1">
    <subfield code="a">Birmingham, Alabama :</subfield>
    <subfield code="b">Wilderness Press,</subfield>
    <subfield code="c">2020.</subfield>
  </datafield>
  <datafield tag="264" ind1=" " ind2="4">
    <subfield code="c">© 2020.</subfield>
  </datafield>
  <datafield tag="300" ind1=" " ind2=" ">
    <subfield code="a">pages cm</subfield>
  </datafield>
  <datafield tag="336" ind1=" " ind2=" ">
    <subfield code="a">text</subfield>
    <subfield code="b">txt</subfield>
    <subfield code="2">rdacontent</subfield>
  </datafield>
  <datafield tag="337" ind1=" " ind2=" ">
    <subfield code="a">unmediated</subfield>
    <subfield code="b">n</subfield>
    <subfield code="2">rdamedia</subfield>
  </datafield>
  <datafield tag="338" ind1=" " ind2=" ">
    <subfield code="a">volume</subfield>
    <subfield code="b">nc</subfield>
    <subfield code="2">rdacarrier</subfield>
  </datafield>
  <datafield tag="490" ind1="0" ind2=" ">
    <subfield code="a">Walking</subfield>
  </datafield>
  <datafield tag="500" ind1=" " ind2=" ">
    <subfield code="a">&quot;Distributed by Publishers Group West&quot;--T.p. verso.</subfield>
  </datafield>
  <datafield tag="500" ind1=" " ind2=" ">
    <subfield code="a">Previous edition published 2008.</subfield>
  </datafield>
  <datafield tag="520" ind1=" " ind2=" ">
    <subfield code="a">&quot;With this newly updated guide in hand, visitors and locals can walk the streets of Chicago and discover why the town that brought us Michael Jordan, Al Capone, and Oprah is anything but a &quot;Second City.&quot; Chicago&apos;s diverse neighborhoods represent a true melting pot of America--from Little Italy to Greektown, Chinatown to New Chinatown, and La Villita to the Ukrainian Village. It&apos;s also the most walkable city in the country, with flat streets laid out in a sensible grid and 21 miles of stunning lakeshore. Here you can get ethnic culture in Andersonville or high culture at the Art Institute, listen to the blues on the South Side or catch a ballgame on the North Side, and marvel at the Frank Lloyd Wright architecture in Oak Park or at nature&apos;s masterpiece along Lake Michigan. In Chicago, every neighborhood has a unique past, every character an intriguing story, and every side of the city is covered in this newest addition to the award-winning urban Walking series&quot;--</subfield>
    <subfield code="c">Provided by publisher.</subfield>
  </datafield>
  <datafield tag="651" ind1=" " ind2="0">
    <subfield code="a">Chicago (Ill.)</subfield>
    <subfield code="v">Tours.</subfield>
  </datafield>
  <datafield tag="650" ind1=" " ind2="0">
    <subfield code="a">Walking</subfield>
    <subfield code="z">Illinois</subfield>
    <subfield code="z">Chicago</subfield>
    <subfield code="v">Guidebooks.</subfield>
  </datafield>
  <datafield tag="651" ind1=" " ind2="0">
    <subfield code="a">Chicago (Ill.)</subfield>
    <subfield code="x">Description and travel.</subfield>
  </datafield>
  <datafield tag="651" ind1=" " ind2="0">
    <subfield code="a">Chicago (Ill.)</subfield>
    <subfield code="v">Guidebooks.</subfield>
  </datafield>
  <datafield tag="700" ind1="1" ind2=" ">
    <subfield code="a">Ver Berkmoes, Ryan.</subfield>
    <subfield code="t">Walking Chicago.</subfield>
  </datafield>
  <datafield tag="710" ind1="2" ind2=" ">
    <subfield code="a">Wilderness Press.</subfield>
  </datafield>
  <datafield tag="776" ind1="0" ind2="8">
    <subfield code="i">Online version:</subfield>
    <subfield code="a">Loerzel, Robert, 1966-</subfield>
    <subfield code="t">Walking chicago</subfield>
    <subfield code="b">2nd.</subfield>
    <subfield code="d">Birmingham : Wilderness Press, 2020.</subfield>
    <subfield code="z">9780899976983</subfield>
    <subfield code="w">(DLC) 2019055250</subfield>
  </datafield>
</record>