
<record>
  <leader>03971cjm a2200733 i 4500</leader>
  <controlfield tag="001">21318217</controlfield>
  <controlfield tag="005">20200102104813.0</controlfield>
  <controlfield tag="007">sd bqmennmplue</controlfield>
  <controlfield tag="008">191203s1973    nyumun|  efi      | zxx d</controlfield>
  <datafield tag="906" ind1=" " ind2=" ">
    <subfield code="a">7</subfield>
    <subfield code="b">cbc</subfield>
    <subfield code="c">copycat</subfield>
    <subfield code="d">2</subfield>
    <subfield code="e">ncip</subfield>
    <subfield code="f">20</subfield>
    <subfield code="g">y-soundrec</subfield>
  </datafield>
  <datafield tag="925" ind1="0" ind2=" ">
    <subfield code="a">acquire</subfield>
    <subfield code="b">2 shelf copies</subfield>
    <subfield code="x">policy default</subfield>
  </datafield>
  <datafield tag="955" ind1=" " ind2=" ">
    <subfield code="a">qr27 2019-12-03 z-client</subfield>
    <subfield code="i">qr27 2019-12-03</subfield>
  </datafield>
  <datafield tag="010" ind1=" " ind2=" ">
    <subfield code="a">  2019629798</subfield>
  </datafield>
  <datafield tag="028" ind1="0" ind2="2">
    <subfield code="a">HQ-1284</subfield>
    <subfield code="b">Nonesuch</subfield>
  </datafield>
  <datafield tag="035" ind1=" " ind2=" ">
    <subfield code="a">(OCoLC)ocm23684666</subfield>
  </datafield>
  <datafield tag="040" ind1=" " ind2=" ">
    <subfield code="a">OBE</subfield>
    <subfield code="b">eng</subfield>
    <subfield code="e">rda</subfield>
    <subfield code="c">OBE</subfield>
    <subfield code="d">OCL</subfield>
    <subfield code="d">OCLCQ</subfield>
    <subfield code="d">OCLCG</subfield>
    <subfield code="d">OCLCQ</subfield>
    <subfield code="d">OCLCA</subfield>
    <subfield code="d">OCLCF</subfield>
    <subfield code="d">OCLCQ</subfield>
    <subfield code="d">OCLCO</subfield>
    <subfield code="d">OCLCQ</subfield>
    <subfield code="d">OCLCA</subfield>
    <subfield code="d">DLC</subfield>
  </datafield>
  <datafield tag="041" ind1="0" ind2=" ">
    <subfield code="g">eng</subfield>
  </datafield>
  <datafield tag="042" ind1=" " ind2=" ">
    <subfield code="a">lccopycat</subfield>
  </datafield>
  <datafield tag="047" ind1=" " ind2=" ">
    <subfield code="a">pr</subfield>
    <subfield code="a">mc</subfield>
    <subfield code="a">bl</subfield>
  </datafield>
  <datafield tag="048" ind1=" " ind2=" ">
    <subfield code="a">ka01</subfield>
  </datafield>
  <datafield tag="050" ind1="0" ind2="0">
    <subfield code="a">Nonesuch HQ-1284</subfield>
  </datafield>
  <datafield tag="100" ind1="1" ind2=" ">
    <subfield code="a">Gershwin, George,</subfield>
    <subfield code="d">1898-1937,</subfield>
    <subfield code="e">composer.</subfield>
  </datafield>
  <datafield tag="240" ind1="1" ind2="0">
    <subfield code="a">Works.</subfield>
    <subfield code="k">Selections</subfield>
  </datafield>
  <datafield tag="245" ind1="1" ind2="0">
    <subfield code="a">Piano music /</subfield>
    <subfield code="c">by George Gershwin.</subfield>
  </datafield>
  <datafield tag="264" ind1=" " ind2="1">
    <subfield code="a">New York, N.Y. :</subfield>
    <subfield code="b">Nonesuch,</subfield>
    <subfield code="c">[1973]</subfield>
  </datafield>
  <datafield tag="264" ind1=" " ind2="4">
    <subfield code="c">℗1973</subfield>
  </datafield>
  <datafield tag="300" ind1=" " ind2=" ">
    <subfield code="a">1 audio disc :</subfield>
    <subfield code="b">analog, 33 1/3 rpm, quadraphonic ;</subfield>
    <subfield code="c">12 in.</subfield>
  </datafield>
  <datafield tag="336" ind1=" " ind2=" ">
    <subfield code="a">performed music</subfield>
    <subfield code="b">prm</subfield>
    <subfield code="2">rdacontent</subfield>
  </datafield>
  <datafield tag="337" ind1=" " ind2=" ">
    <subfield code="a">audio</subfield>
    <subfield code="b">s</subfield>
    <subfield code="2">rdamedia</subfield>
  </datafield>
  <datafield tag="338" ind1=" " ind2=" ">
    <subfield code="a">audio disc</subfield>
    <subfield code="b">sd</subfield>
    <subfield code="2">rdacarrier</subfield>
  </datafield>
  <datafield tag="340" ind1=" " ind2=" ">
    <subfield code="a">vinyl</subfield>
    <subfield code="2">rdamat</subfield>
  </datafield>
  <datafield tag="344" ind1=" " ind2=" ">
    <subfield code="a">analog</subfield>
    <subfield code="2">rdatr</subfield>
  </datafield>
  <datafield tag="344" ind1=" " ind2=" ">
    <subfield code="c">33 1/3 rpm</subfield>
  </datafield>
  <datafield tag="344" ind1=" " ind2=" ">
    <subfield code="d">microgroove</subfield>
    <subfield code="2">rdagw</subfield>
  </datafield>
  <datafield tag="344" ind1=" " ind2=" ">
    <subfield code="g">quadraphonic</subfield>
    <subfield code="2">rdacpc</subfield>
  </datafield>
  <datafield tag="382" ind1="0" ind2="1">
    <subfield code="a">piano</subfield>
    <subfield code="n">1</subfield>
    <subfield code="s">1</subfield>
    <subfield code="2">lcmpt</subfield>
  </datafield>
  <datafield tag="500" ind1=" " ind2=" ">
    <subfield code="a">Original works and arrangements by the composer.</subfield>
  </datafield>
  <datafield tag="500" ind1=" " ind2=" ">
    <subfield code="a">Title from container.</subfield>
  </datafield>
  <datafield tag="511" ind1="0" ind2=" ">
    <subfield code="a">William Bolcom, piano.</subfield>
  </datafield>
  <datafield tag="500" ind1=" " ind2=" ">
    <subfield code="a">Editions recorded: New World Music Corp. (Song book, Preludes, Impromptu in two keys), Gershwin Publishers Corp. (Three-quarter blues, Merry Andrew, Jasbo Brown blues, Porgy and Bess, Promenade).</subfield>
  </datafield>
  <datafield tag="538" ind1=" " ind2=" ">
    <subfield code="a">&quot;This quadraphonic disc is a stereo-compatible quaraphonic record. Play it on a normal stereo (or even monophonic) phonograph, and it will sound like a  stereo (or mono) record, but play it through a four-channel system equipped with a CD-4 discrete disc demodulator and cartridge, and you&apos;ll hear it in ... discrete quadraphonic sound&quot;--Inner sleeve.</subfield>
  </datafield>
  <datafield tag="500" ind1=" " ind2=" ">
    <subfield code="a">Program and biographical notes on container.</subfield>
  </datafield>
  <datafield tag="505" ind1="0" ind2=" ">
    <subfield code="a">George Gershwin&apos;s song book, 1932 (19:52). Swanee ; Nobody but you ; I&apos;ll build a stairway to paradise ; DO it again ; Fascinating rhythm ; Oh, lady be good ; Somebody loves me ; Sweet and low down ; That certain feeling ; The man I love ; Clap yo&apos; hands ; Do do do ; My one and only ; &apos;S wonderful ; Strike up the band ; Liza ; I got rhythm ; Who cares -- Rialto ripples (2:04) -- Three preludes (7:00) -- Impromptu in two keys (1:14) -- Three-quarter blues (:43) -- Merry Andrew (1:10) -- Piano playin&apos; Jazzbo Brown (2:23) -- Promenade (3:07).</subfield>
  </datafield>
  <datafield tag="650" ind1=" " ind2="0">
    <subfield code="a">Piano music.</subfield>
  </datafield>
  <datafield tag="650" ind1=" " ind2="0">
    <subfield code="a">Piano music, Arranged.</subfield>
  </datafield>
  <datafield tag="650" ind1=" " ind2="0">
    <subfield code="a">Musicals</subfield>
    <subfield code="v">Excerpts, Arranged.</subfield>
  </datafield>
  <datafield tag="650" ind1=" " ind2="7">
    <subfield code="a">Musicals</subfield>
    <subfield code="x">Excerpts, Arranged.</subfield>
    <subfield code="2">fast</subfield>
    <subfield code="0">(OCoLC)fst01426046</subfield>
  </datafield>
  <datafield tag="650" ind1=" " ind2="7">
    <subfield code="a">Piano music.</subfield>
    <subfield code="2">fast</subfield>
    <subfield code="0">(OCoLC)fst01063403</subfield>
  </datafield>
  <datafield tag="650" ind1=" " ind2="7">
    <subfield code="a">Piano music, Arranged.</subfield>
    <subfield code="2">fast</subfield>
    <subfield code="0">(OCoLC)fst01063453</subfield>
  </datafield>
  <datafield tag="655" ind1=" " ind2="7">
    <subfield code="a">Art music.</subfield>
    <subfield code="2">lcgft</subfield>
  </datafield>
  <datafield tag="655" ind1=" " ind2="7">
    <subfield code="a">Musicals.</subfield>
    <subfield code="2">lcgft</subfield>
  </datafield>
  <datafield tag="655" ind1=" " ind2="7">
    <subfield code="a">Excerpts.</subfield>
    <subfield code="2">lcgft</subfield>
  </datafield>
  <datafield tag="655" ind1=" " ind2="7">
    <subfield code="a">Arrangements (Music)</subfield>
    <subfield code="2">lcgft</subfield>
  </datafield>
  <datafield tag="655" ind1=" " ind2="7">
    <subfield code="a">Preludes (Music)</subfield>
    <subfield code="2">lcgft</subfield>
  </datafield>
  <datafield tag="655" ind1=" " ind2="7">
    <subfield code="a">Impromptus (Music)</subfield>
    <subfield code="2">lcgft</subfield>
  </datafield>
  <datafield tag="700" ind1="1" ind2=" ">
    <subfield code="a">Bolcom, William,</subfield>
    <subfield code="e">instrumentalist.</subfield>
  </datafield>
  <datafield tag="700" ind1="1" ind2="2">
    <subfield code="i">Container of (expression):</subfield>
    <subfield code="a">Gershwin, George,</subfield>
    <subfield code="d">1898-1937.</subfield>
    <subfield code="t">Songs.</subfield>
    <subfield code="k">Selections;</subfield>
    <subfield code="o">arranged.</subfield>
  </datafield>
  <datafield tag="700" ind1="1" ind2="2">
    <subfield code="i">Container of (work):</subfield>
    <subfield code="a">Gershwin, George,</subfield>
    <subfield code="d">1898-1937.</subfield>
    <subfield code="t">Rialto ripples.</subfield>
  </datafield>
  <datafield tag="700" ind1="1" ind2="2">
    <subfield code="i">Container of (work):</subfield>
    <subfield code="a">Gershwin, George,</subfield>
    <subfield code="d">1898-1937.</subfield>
    <subfield code="t">Preludes,</subfield>
    <subfield code="m">piano.</subfield>
  </datafield>
  <datafield tag="700" ind1="1" ind2="2">
    <subfield code="i">Container of (work):</subfield>
    <subfield code="a">Gershwin, George,</subfield>
    <subfield code="d">1898-1937.</subfield>
    <subfield code="t">Impromptu in two keys.</subfield>
  </datafield>
  <datafield tag="700" ind1="1" ind2="2">
    <subfield code="i">Container of (work):</subfield>
    <subfield code="a">Gershwin, George,</subfield>
    <subfield code="d">1898-1937.</subfield>
    <subfield code="t">Three-quarter blues.</subfield>
  </datafield>
  <datafield tag="700" ind1="1" ind2="2">
    <subfield code="i">Container of (work):</subfield>
    <subfield code="a">Gershwin, George,</subfield>
    <subfield code="d">1898-1937.</subfield>
    <subfield code="t">Merry Andrew.</subfield>
  </datafield>
  <datafield tag="700" ind1="1" ind2="2">
    <subfield code="i">Container of (work):</subfield>
    <subfield code="a">Gershwin, George,</subfield>
    <subfield code="d">1898-1937.</subfield>
    <subfield code="t">Porgy and Bess.</subfield>
    <subfield code="p">Jasbo Brown blues.</subfield>
  </datafield>
  <datafield tag="700" ind1="1" ind2="2">
    <subfield code="i">Container of (expression):</subfield>
    <subfield code="a">Gershwin, George,</subfield>
    <subfield code="d">1898-1937.</subfield>
    <subfield code="t">Shall we dance?</subfield>
    <subfield code="p">Walking the dog;</subfield>
    <subfield code="o">arranged.</subfield>
  </datafield>
</record>