
<record>
  <leader>02372cam a22003738i 4500</leader>
  <controlfield tag="001">21320729</controlfield>
  <controlfield tag="005">20200102172247.0</controlfield>
  <controlfield tag="008">191205s2020    mdu      b    001 0 eng  </controlfield>
  <datafield tag="906" ind1=" " ind2=" ">
    <subfield code="a">7</subfield>
    <subfield code="b">cbc</subfield>
    <subfield code="c">orignew</subfield>
    <subfield code="d">1</subfield>
    <subfield code="e">ecip</subfield>
    <subfield code="f">20</subfield>
    <subfield code="g">y-gencatlg</subfield>
  </datafield>
  <datafield tag="925" ind1="0" ind2=" ">
    <subfield code="a">acquire</subfield>
    <subfield code="b">2 shelf copies</subfield>
    <subfield code="x">policy default</subfield>
  </datafield>
  <datafield tag="955" ind1=" " ind2=" ">
    <subfield code="b">xk04 2019-12-05</subfield>
    <subfield code="i">xk04 2019-12-05 (to review)</subfield>
    <subfield code="r">xk11 2 019-12-19</subfield>
    <subfield code="a">xk04 2019-12-30 to Dewey</subfield>
    <subfield code="w">xm09 2020-1-2</subfield>
  </datafield>
  <datafield tag="010" ind1=" " ind2=" ">
    <subfield code="a">  2019056205</subfield>
  </datafield>
  <datafield tag="020" ind1=" " ind2=" ">
    <subfield code="a">9781538131299</subfield>
    <subfield code="q">(paperback)</subfield>
  </datafield>
  <datafield tag="020" ind1=" " ind2=" ">
    <subfield code="z">9781538131305</subfield>
    <subfield code="q">(epub)</subfield>
  </datafield>
  <datafield tag="040" ind1=" " ind2=" ">
    <subfield code="a">DLC</subfield>
    <subfield code="b">eng</subfield>
    <subfield code="e">rda</subfield>
    <subfield code="c">DLC</subfield>
  </datafield>
  <datafield tag="042" ind1=" " ind2=" ">
    <subfield code="a">pcc</subfield>
  </datafield>
  <datafield tag="050" ind1="0" ind2="0">
    <subfield code="a">Z683</subfield>
    <subfield code="b">.J46 2020</subfield>
  </datafield>
  <datafield tag="082" ind1="0" ind2="0">
    <subfield code="a">025.1/1</subfield>
    <subfield code="2">23</subfield>
  </datafield>
  <datafield tag="100" ind1="1" ind2=" ">
    <subfield code="a">Jennings, Karlene Noel,</subfield>
    <subfield code="e">author.</subfield>
  </datafield>
  <datafield tag="245" ind1="1" ind2="0">
    <subfield code="a">Fundraising for academic libraries :</subfield>
    <subfield code="b">a practical guide for librarians /</subfield>
    <subfield code="c">Karlene Noel Jennings, Joyce Garczynski.</subfield>
  </datafield>
  <datafield tag="263" ind1=" " ind2=" ">
    <subfield code="a">2005</subfield>
  </datafield>
  <datafield tag="264" ind1=" " ind2="1">
    <subfield code="a">Lanham :</subfield>
    <subfield code="b">Rowman &amp; Littlefield,</subfield>
    <subfield code="c">[2020]</subfield>
  </datafield>
  <datafield tag="300" ind1=" " ind2=" ">
    <subfield code="a">pages cm.</subfield>
  </datafield>
  <datafield tag="336" ind1=" " ind2=" ">
    <subfield code="a">text</subfield>
    <subfield code="b">txt</subfield>
    <subfield code="2">rdacontent</subfield>
  </datafield>
  <datafield tag="337" ind1=" " ind2=" ">
    <subfield code="a">unmediated</subfield>
    <subfield code="b">n</subfield>
    <subfield code="2">rdamedia</subfield>
  </datafield>
  <datafield tag="338" ind1=" " ind2=" ">
    <subfield code="a">volume</subfield>
    <subfield code="b">nc</subfield>
    <subfield code="2">rdacarrier</subfield>
  </datafield>
  <datafield tag="490" ind1="0" ind2=" ">
    <subfield code="a">Practical guides for librarians ;</subfield>
    <subfield code="v">no. 65</subfield>
  </datafield>
  <datafield tag="504" ind1=" " ind2=" ">
    <subfield code="a">Includes bibliographical references and index.</subfield>
  </datafield>
  <datafield tag="505" ind1="0" ind2=" ">
    <subfield code="a">(Current state of) Fundraising in the Academy -- Why Libraries Need to Fundraise and Where to Start -- Who Are Your Donors and How to Find Them -- Understanding Annual Giving -- Demystifying Major Giving -- Principles of Planned Giving -- Saving, Spending, and Documenting: Gift Processing and Acceptance -- Grasping Gifts in Kind -- But EVERYONE has a Board! Advocacy, Friends Groups, Boards, etc. -- Engaging Donors with Events -- Securing Corporate Support -- Getting to the Bottom of Foundation Support -- Connecting with Government Grants -- Showing Impact through Stewardship.</subfield>
  </datafield>
  <datafield tag="520" ind1=" " ind2=" ">
    <subfield code="a">&quot;Academic librarians who need quick and easy tools to start, advance, or evaluate development operations would be key audiences for this work. From providing basic flow charts to simple proposal and gift templates, this work would also discuss external funding holistically to include an overview of grants and grant reporting&quot;--</subfield>
    <subfield code="c">Provided by publisher.</subfield>
  </datafield>
  <datafield tag="650" ind1=" " ind2="0">
    <subfield code="a">Library fund raising.</subfield>
  </datafield>
  <datafield tag="650" ind1=" " ind2="0">
    <subfield code="a">Academic libraries</subfield>
    <subfield code="x">Finance.</subfield>
  </datafield>
  <datafield tag="700" ind1="1" ind2=" ">
    <subfield code="a">Garczynski, Joyce V.,</subfield>
    <subfield code="e">author.</subfield>
  </datafield>
  <datafield tag="776" ind1="0" ind2="8">
    <subfield code="i">Online version:</subfield>
    <subfield code="a">Jennings, Karlene Noel.</subfield>
    <subfield code="t">Fundraising for academic libraries</subfield>
    <subfield code="d">Lanham : Rowman &amp; Littlefield, [2020]</subfield>
    <subfield code="z">9781538131305</subfield>
    <subfield code="w">(DLC) 2019056206</subfield>
  </datafield>
</record>