
<record>
  <leader>03541cjm a2200733 i 4500</leader>
  <controlfield tag="001">21320932</controlfield>
  <controlfield tag="005">20200102110336.0</controlfield>
  <controlfield tag="007">sd bmmennmplue</controlfield>
  <controlfield tag="008">191205s1966    nyurqn|  dhi      | ger  </controlfield>
  <datafield tag="906" ind1=" " ind2=" ">
    <subfield code="a">7</subfield>
    <subfield code="b">cbc</subfield>
    <subfield code="c">copycat</subfield>
    <subfield code="d">2</subfield>
    <subfield code="e">ncip</subfield>
    <subfield code="f">20</subfield>
    <subfield code="g">y-soundrec</subfield>
  </datafield>
  <datafield tag="925" ind1="0" ind2=" ">
    <subfield code="a">acquire</subfield>
    <subfield code="b">2 shelf copies</subfield>
    <subfield code="x">policy default</subfield>
  </datafield>
  <datafield tag="955" ind1=" " ind2=" ">
    <subfield code="a">qr27 2019-12-05 z-client</subfield>
    <subfield code="i">qr27 2019-12-05 revised</subfield>
  </datafield>
  <datafield tag="010" ind1=" " ind2=" ">
    <subfield code="a">r  66000747 </subfield>
    <subfield code="z">r  66000746 </subfield>
  </datafield>
  <datafield tag="028" ind1="0" ind2="2">
    <subfield code="a">HB-3003</subfield>
    <subfield code="b">Nonesuch</subfield>
  </datafield>
  <datafield tag="035" ind1=" " ind2=" ">
    <subfield code="a">(OCoLC)ocm11642527</subfield>
  </datafield>
  <datafield tag="040" ind1=" " ind2=" ">
    <subfield code="a">DLC</subfield>
    <subfield code="b">eng</subfield>
    <subfield code="e">rda</subfield>
    <subfield code="c">IGA</subfield>
    <subfield code="d">IGA</subfield>
    <subfield code="d">OCL</subfield>
    <subfield code="d">OCLCQ</subfield>
    <subfield code="d">OCLCG</subfield>
    <subfield code="d">OCLCA</subfield>
    <subfield code="d">OCLCF</subfield>
    <subfield code="d">OCLCO</subfield>
    <subfield code="d">OCLCQ</subfield>
    <subfield code="d">OCLCA</subfield>
    <subfield code="d">GZM</subfield>
    <subfield code="d">OCLCO</subfield>
    <subfield code="d">OCL</subfield>
    <subfield code="d">DLC</subfield>
  </datafield>
  <datafield tag="041" ind1="0" ind2=" ">
    <subfield code="d">ger</subfield>
    <subfield code="e">ger</subfield>
    <subfield code="e">eng</subfield>
    <subfield code="n">ger</subfield>
    <subfield code="g">eng</subfield>
  </datafield>
  <datafield tag="042" ind1=" " ind2=" ">
    <subfield code="a">lccopycat</subfield>
  </datafield>
  <datafield tag="045" ind1=" " ind2=" ">
    <subfield code="a">w6w8</subfield>
  </datafield>
  <datafield tag="050" ind1="0" ind2="0">
    <subfield code="a">Nonesuch HB-3003</subfield>
  </datafield>
  <datafield tag="082" ind1="0" ind2="4">
    <subfield code="a">783.3</subfield>
    <subfield code="b">B813C, B</subfield>
  </datafield>
  <datafield tag="100" ind1="1" ind2=" ">
    <subfield code="a">Brahms, Johannes,</subfield>
    <subfield code="d">1833-1897,</subfield>
    <subfield code="e">composer.</subfield>
  </datafield>
  <datafield tag="240" ind1="1" ind2="0">
    <subfield code="a">Choral music.</subfield>
    <subfield code="k">Selections</subfield>
  </datafield>
  <datafield tag="245" ind1="1" ind2="2">
    <subfield code="a">A German requiem :</subfield>
    <subfield code="b">opus 45 ; Alto rhapsody : opus 53 ; Fest- und Gedenkspruche : opus 109 : for 8-voice a cappella choir /</subfield>
    <subfield code="c">Johannes Brahms.</subfield>
  </datafield>
  <datafield tag="264" ind1=" " ind2="1">
    <subfield code="a">New York City :</subfield>
    <subfield code="b">Nonesuch,</subfield>
    <subfield code="c">[1966]</subfield>
  </datafield>
  <datafield tag="300" ind1=" " ind2=" ">
    <subfield code="a">2 audio discs :</subfield>
    <subfield code="b">analog, 33 1/3 rpm, mono ;</subfield>
    <subfield code="c">12 in.</subfield>
  </datafield>
  <datafield tag="306" ind1=" " ind2=" ">
    <subfield code="a">010819</subfield>
    <subfield code="a">001105</subfield>
    <subfield code="a">000958</subfield>
  </datafield>
  <datafield tag="336" ind1=" " ind2=" ">
    <subfield code="a">performed music</subfield>
    <subfield code="b">prm</subfield>
    <subfield code="2">rdacontent</subfield>
  </datafield>
  <datafield tag="337" ind1=" " ind2=" ">
    <subfield code="a">audio</subfield>
    <subfield code="b">s</subfield>
    <subfield code="2">rdamedia</subfield>
  </datafield>
  <datafield tag="338" ind1=" " ind2=" ">
    <subfield code="a">audio disc</subfield>
    <subfield code="b">sd</subfield>
    <subfield code="2">rdacarrier</subfield>
  </datafield>
  <datafield tag="340" ind1=" " ind2=" ">
    <subfield code="a">vinyl</subfield>
    <subfield code="2">rdamat</subfield>
  </datafield>
  <datafield tag="344" ind1=" " ind2=" ">
    <subfield code="a">analog</subfield>
    <subfield code="2">rdatr</subfield>
  </datafield>
  <datafield tag="344" ind1=" " ind2=" ">
    <subfield code="c">33 1/3 rpm</subfield>
  </datafield>
  <datafield tag="344" ind1=" " ind2=" ">
    <subfield code="d">microgroove</subfield>
    <subfield code="2">rdagw</subfield>
  </datafield>
  <datafield tag="344" ind1=" " ind2=" ">
    <subfield code="g">mono</subfield>
    <subfield code="2">rdacpc</subfield>
  </datafield>
  <datafield tag="511" ind1="0" ind2=" ">
    <subfield code="a">In the 1st work: Teresa Stich-Randall, soprano ; James Pease ; baritone ; Chorus of the Singakademie, Hamburg ; Symphony Orchestra of the Norddeutscher Rundfunk, Hamburg ; Carl Bamberger, conductor. In the 2nd work: Grace Hoffman, alto ; Symphony Orchestra and Men&apos;s chorus of the Norddeutscher Rundfunk, Hamburg ; Carl Bamberger, conductor. In the 3rd work: Boys&apos; Choir of the Church of St. Michael, Hamburg ; F. Brinkmann, conductor.</subfield>
  </datafield>
  <datafield tag="500" ind1=" " ind2=" ">
    <subfield code="a">&quot;A Tono (Zurich) production.&quot;</subfield>
  </datafield>
  <datafield tag="500" ind1=" " ind2=" ">
    <subfield code="a">Automatic sequence.</subfield>
  </datafield>
  <datafield tag="500" ind1=" " ind2=" ">
    <subfield code="a">Durations: 1:08:19 ; 11:05 ; 9:58.</subfield>
  </datafield>
  <datafield tag="500" ind1=" " ind2=" ">
    <subfield code="a">Program notes by Joseph Braunstein and texts with English translations on container.</subfield>
  </datafield>
  <datafield tag="650" ind1=" " ind2="0">
    <subfield code="a">Requiems.</subfield>
  </datafield>
  <datafield tag="650" ind1=" " ind2="0">
    <subfield code="a">Choruses, Secular (Men&apos;s voices) with orchestra.</subfield>
  </datafield>
  <datafield tag="650" ind1=" " ind2="0">
    <subfield code="a">Choruses, Sacred (Mixed voices, 8 parts), Unaccompanied.</subfield>
  </datafield>
  <datafield tag="650" ind1=" " ind2="7">
    <subfield code="a">Choruses, Sacred (Mixed voices, 8 parts), Unaccompanied.</subfield>
    <subfield code="2">fast</subfield>
    <subfield code="0">(OCoLC)fst00858741</subfield>
  </datafield>
  <datafield tag="650" ind1=" " ind2="7">
    <subfield code="a">Choruses, Secular (Men&apos;s voices) with orchestra.</subfield>
    <subfield code="2">fast</subfield>
    <subfield code="0">(OCoLC)fst00858787</subfield>
  </datafield>
  <datafield tag="650" ind1=" " ind2="7">
    <subfield code="a">Requiems.</subfield>
    <subfield code="2">fast</subfield>
    <subfield code="0">(OCoLC)fst01095083</subfield>
  </datafield>
  <datafield tag="655" ind1=" " ind2="7">
    <subfield code="a">Requiems.</subfield>
    <subfield code="2">fast</subfield>
    <subfield code="0">(OCoLC)fst01726720</subfield>
  </datafield>
  <datafield tag="655" ind1=" " ind2="7">
    <subfield code="a">Requiems.</subfield>
    <subfield code="2">lcgft</subfield>
  </datafield>
  <datafield tag="655" ind1=" " ind2="7">
    <subfield code="a">Art music.</subfield>
    <subfield code="2">llcgft</subfield>
  </datafield>
  <datafield tag="655" ind1=" " ind2="7">
    <subfield code="a">Sacred music.</subfield>
    <subfield code="2">lcgft</subfield>
  </datafield>
  <datafield tag="700" ind1="1" ind2=" ">
    <subfield code="a">Stich-Randall, Teresa,</subfield>
    <subfield code="d">1927-2007,</subfield>
    <subfield code="e">singer.</subfield>
  </datafield>
  <datafield tag="700" ind1="1" ind2=" ">
    <subfield code="a">Pease, James,</subfield>
    <subfield code="d">1916-1967,</subfield>
    <subfield code="e">singer.</subfield>
  </datafield>
  <datafield tag="700" ind1="1" ind2=" ">
    <subfield code="a">Bamberger, Carl,</subfield>
    <subfield code="d">1902-1987,</subfield>
    <subfield code="e">conductor.</subfield>
  </datafield>
  <datafield tag="700" ind1="1" ind2=" ">
    <subfield code="a">Hoffman, Grace,</subfield>
    <subfield code="e">singer.</subfield>
  </datafield>
  <datafield tag="700" ind1="1" ind2=" ">
    <subfield code="a">Brinkmann, Friedrich,</subfield>
    <subfield code="d">1895-</subfield>
    <subfield code="e">conductor.</subfield>
  </datafield>
  <datafield tag="700" ind1="1" ind2="2">
    <subfield code="i">Container of (work):</subfield>
    <subfield code="a">Brahms, Johannes,</subfield>
    <subfield code="d">1833-1897.</subfield>
    <subfield code="t">Deutsches Requiem.</subfield>
  </datafield>
  <datafield tag="700" ind1="1" ind2="2">
    <subfield code="i">Container of (work):</subfield>
    <subfield code="a">Brahms, Johannes,</subfield>
    <subfield code="d">1833-1897.</subfield>
    <subfield code="t">Rhapsodies,</subfield>
    <subfield code="m">alto, men&apos;s voices, orchestra,</subfield>
    <subfield code="n">op. 53.</subfield>
  </datafield>
  <datafield tag="700" ind1="1" ind2="2">
    <subfield code="i">Container of (work):</subfield>
    <subfield code="a">Brahms, Johannes,</subfield>
    <subfield code="d">1833-1897.</subfield>
    <subfield code="t">Fest- und Gedenksprüche.</subfield>
  </datafield>
  <datafield tag="710" ind1="2" ind2=" ">
    <subfield code="a">Hamburger Singakademie,</subfield>
    <subfield code="e">singer.</subfield>
  </datafield>
  <datafield tag="710" ind1="2" ind2=" ">
    <subfield code="a">Sender Hamburg.</subfield>
    <subfield code="b">Sinfonie-Orchester,</subfield>
    <subfield code="e">instrumentalist.</subfield>
  </datafield>
  <datafield tag="710" ind1="2" ind2=" ">
    <subfield code="a">Sender Hamburg.</subfield>
    <subfield code="b">Chor,</subfield>
    <subfield code="e">singer.</subfield>
  </datafield>
  <datafield tag="710" ind1="2" ind2=" ">
    <subfield code="a">Jugendchor Sankt Michaelis (Hamburg, Germany),</subfield>
    <subfield code="e">singer.</subfield>
  </datafield>
  <datafield tag="740" ind1="0" ind2="2">
    <subfield code="a">Alto rhapsody.</subfield>
  </datafield>
  <datafield tag="740" ind1="0" ind2="2">
    <subfield code="a">Fest- und Gedenkspruche.</subfield>
  </datafield>
</record>