
<record>
  <leader>02897cam a22005775i 4500</leader>
  <controlfield tag="001">21320987</controlfield>
  <controlfield tag="005">20200102131318.0</controlfield>
  <controlfield tag="008">191205s2018    ja a     br   001 0 jpn c</controlfield>
  <datafield tag="906" ind1=" " ind2=" ">
    <subfield code="a">0</subfield>
    <subfield code="b">ibc</subfield>
    <subfield code="c">pccadap</subfield>
    <subfield code="d">3</subfield>
    <subfield code="e">ncip</subfield>
    <subfield code="f">20</subfield>
    <subfield code="g">y-nonroman</subfield>
  </datafield>
  <datafield tag="925" ind1="0" ind2=" ">
    <subfield code="a">acquire</subfield>
    <subfield code="b">1 shelf copy</subfield>
    <subfield code="x">CP 2019-12-03</subfield>
  </datafield>
  <datafield tag="955" ind1=" " ind2=" ">
    <subfield code="b">cf27 2019-12-05 z-processor JACKPHY</subfield>
    <subfield code="i">cf27 2020-01-02</subfield>
  </datafield>
  <datafield tag="010" ind1=" " ind2=" ">
    <subfield code="a">  2019465643</subfield>
  </datafield>
  <datafield tag="020" ind1=" " ind2=" ">
    <subfield code="a">9784816927003</subfield>
    <subfield code="q">(paperback)</subfield>
  </datafield>
  <datafield tag="020" ind1=" " ind2=" ">
    <subfield code="a">481692700X</subfield>
    <subfield code="q">(paperback)</subfield>
  </datafield>
  <datafield tag="035" ind1=" " ind2=" ">
    <subfield code="a">(OCoLC)on1020072207</subfield>
  </datafield>
  <datafield tag="040" ind1=" " ind2=" ">
    <subfield code="a">JaToTRC</subfield>
    <subfield code="b">eng</subfield>
    <subfield code="e">rda</subfield>
    <subfield code="c">TRCLS</subfield>
    <subfield code="d">OCLCO</subfield>
    <subfield code="d">L2U</subfield>
    <subfield code="d">CUY</subfield>
    <subfield code="d">HMY</subfield>
    <subfield code="d">OCLCF</subfield>
    <subfield code="d">NDD</subfield>
    <subfield code="d">ZCU</subfield>
    <subfield code="d">OCLCQ</subfield>
    <subfield code="d">DLC</subfield>
  </datafield>
  <datafield tag="042" ind1=" " ind2=" ">
    <subfield code="a">pcc</subfield>
  </datafield>
  <datafield tag="043" ind1=" " ind2=" ">
    <subfield code="a">a-ja---</subfield>
  </datafield>
  <datafield tag="050" ind1="0" ind2="0">
    <subfield code="a">AM77.A2</subfield>
    <subfield code="b">R45 2018</subfield>
  </datafield>
  <datafield tag="066" ind1=" " ind2=" ">
    <subfield code="c">$1</subfield>
  </datafield>
  <datafield tag="084" ind1=" " ind2=" ">
    <subfield code="a">069.035</subfield>
    <subfield code="2">njb/9</subfield>
  </datafield>
  <datafield tag="130" ind1="0" ind2=" ">
    <subfield code="6">880-01</subfield>
    <subfield code="a">Rekishi hakubutsukan jiten.</subfield>
  </datafield>
  <datafield tag="880" ind1="0" ind2=" ">
    <subfield code="6">130-01/$1</subfield>
    <subfield code="a">歴史博物館事典.</subfield>
  </datafield>
  <datafield tag="245" ind1="1" ind2="0">
    <subfield code="6">880-02</subfield>
    <subfield code="a">Nihon zenkoku rekishi hakubutsukan jiten /</subfield>
    <subfield code="c">Nichigai Asoshiētsu = Museums of historical collections in Japan : a directory / compiled by Nichigai Associates, Inc.</subfield>
  </datafield>
  <datafield tag="880" ind1="1" ind2="0">
    <subfield code="6">245-02/$1</subfield>
    <subfield code="a">日本全国歴史博物館事典 /</subfield>
    <subfield code="c">日外アソシエーツ = Museums of historical collections in Japan : a directory / compiled by Nichigai Associates, Inc.</subfield>
  </datafield>
  <datafield tag="246" ind1="3" ind2="0">
    <subfield code="6">880-03</subfield>
    <subfield code="a">Rekishi hakubutsukan jiten</subfield>
  </datafield>
  <datafield tag="880" ind1="3" ind2="0">
    <subfield code="6">246-03/$1</subfield>
    <subfield code="a">歴史博物館事典</subfield>
  </datafield>
  <datafield tag="246" ind1="3" ind2="1">
    <subfield code="a">Museums of historical collections in Japan :</subfield>
    <subfield code="b">a directory</subfield>
  </datafield>
  <datafield tag="264" ind1=" " ind2="1">
    <subfield code="6">880-04</subfield>
    <subfield code="a">Tōkyō :</subfield>
    <subfield code="b">Nichigai Asoshiētsu,</subfield>
    <subfield code="c">2018.</subfield>
  </datafield>
  <datafield tag="880" ind1=" " ind2="1">
    <subfield code="6">264-04/$1</subfield>
    <subfield code="a">東京 :</subfield>
    <subfield code="b">日外アソシエーツ,</subfield>
    <subfield code="c">2018.</subfield>
  </datafield>
  <datafield tag="264" ind1=" " ind2="2">
    <subfield code="6">880-05</subfield>
    <subfield code="a">Tōkyō :</subfield>
    <subfield code="b">Kabushiki Kaisha Kinokuniya Shoten</subfield>
  </datafield>
  <datafield tag="880" ind1=" " ind2="2">
    <subfield code="6">264-05/$1</subfield>
    <subfield code="a">東京 :</subfield>
    <subfield code="b">株式会社紀伊國屋書店</subfield>
  </datafield>
  <datafield tag="300" ind1=" " ind2=" ">
    <subfield code="a">11, 619 pages :</subfield>
    <subfield code="b">illustrations ;</subfield>
    <subfield code="c">21 cm</subfield>
  </datafield>
  <datafield tag="336" ind1=" " ind2=" ">
    <subfield code="a">text</subfield>
    <subfield code="b">txt</subfield>
    <subfield code="2">rdacontent</subfield>
  </datafield>
  <datafield tag="337" ind1=" " ind2=" ">
    <subfield code="a">unmediated</subfield>
    <subfield code="b">n</subfield>
    <subfield code="2">rdamedia</subfield>
  </datafield>
  <datafield tag="338" ind1=" " ind2=" ">
    <subfield code="a">volume</subfield>
    <subfield code="b">nc</subfield>
    <subfield code="2">rdacarrier</subfield>
  </datafield>
  <datafield tag="380" ind1=" " ind2=" ">
    <subfield code="a">Directories</subfield>
    <subfield code="2">lcgft</subfield>
  </datafield>
  <datafield tag="546" ind1=" " ind2=" ">
    <subfield code="a">In Japanese.</subfield>
  </datafield>
  <datafield tag="500" ind1=" " ind2=" ">
    <subfield code="a">Parallel title from title page verso.</subfield>
  </datafield>
  <datafield tag="500" ind1=" " ind2=" ">
    <subfield code="a">Revision of: Rekishi hakubutsukan jiten. Shintei. Tōkyō : Nichigai Asoshiētsu, 2008.</subfield>
  </datafield>
  <datafield tag="504" ind1=" " ind2=" ">
    <subfield code="a">Includes bibliographical references (page 5 (first group)) and index.</subfield>
  </datafield>
  <datafield tag="650" ind1=" " ind2="0">
    <subfield code="a">Historical museums</subfield>
    <subfield code="z">Japan</subfield>
    <subfield code="v">Guidebooks.</subfield>
  </datafield>
  <datafield tag="650" ind1=" " ind2="0">
    <subfield code="a">Historical museums</subfield>
    <subfield code="z">Japan</subfield>
    <subfield code="v">Directories.</subfield>
  </datafield>
  <datafield tag="650" ind1="0" ind2="7">
    <subfield code="6">880-07</subfield>
    <subfield code="a">Hakubutsukan-Nihon-Meibo.</subfield>
    <subfield code="2">jlabsh/4</subfield>
  </datafield>
  <datafield tag="880" ind1="0" ind2="4">
    <subfield code="6">650-07/$1</subfield>
    <subfield code="a">博物館-日本-名簿.</subfield>
    <subfield code="2">jlabsh/4</subfield>
  </datafield>
  <datafield tag="655" ind1=" " ind2="7">
    <subfield code="a">Directories.</subfield>
    <subfield code="2">lcgft</subfield>
  </datafield>
  <datafield tag="710" ind1="2" ind2=" ">
    <subfield code="6">880-08</subfield>
    <subfield code="a">Nichigai Asoshiētsu,</subfield>
    <subfield code="e">editor.</subfield>
  </datafield>
  <datafield tag="880" ind1="2" ind2=" ">
    <subfield code="6">710-08/$1</subfield>
    <subfield code="a">日外アソシエーツ,</subfield>
    <subfield code="e">editor.</subfield>
  </datafield>
  <datafield tag="775" ind1="0" ind2="8">
    <subfield code="6">880-09</subfield>
    <subfield code="i">Revision of:</subfield>
    <subfield code="t">Rekishi hakubutsukan jiten.</subfield>
    <subfield code="b">Shintei.</subfield>
    <subfield code="d">Tōkyō : Nichigai Asoshiētsu, 2008</subfield>
    <subfield code="h">11, 599 pages : illustrations ; 22 cm</subfield>
    <subfield code="z">9784816921391</subfield>
    <subfield code="w">(OCoLC)263132659</subfield>
  </datafield>
  <datafield tag="880" ind1="0" ind2="8">
    <subfield code="6">775-09/$1</subfield>
    <subfield code="i">Revision of:</subfield>
    <subfield code="t">歴史博物館事典.</subfield>
    <subfield code="b">新訂.</subfield>
    <subfield code="d">東京 : 日外アソシエーツ, 2008</subfield>
    <subfield code="h">11, 599 pages : illustrations ; 22 cm</subfield>
    <subfield code="z">9784816921391</subfield>
    <subfield code="w">(OCoLC)263132659</subfield>
  </datafield>
  <datafield tag="923" ind1=" " ind2=" ">
    <subfield code="d">20191012</subfield>
    <subfield code="n">122-31899397</subfield>
    <subfield code="s">JPTC</subfield>
  </datafield>
</record>