
<record>
  <leader>02103cam a2200481 i 4500</leader>
  <controlfield tag="001">21321224</controlfield>
  <controlfield tag="005">20200102063914.0</controlfield>
  <controlfield tag="008">191205s2018    ja a     b    000 0 jpn c</controlfield>
  <datafield tag="906" ind1=" " ind2=" ">
    <subfield code="a">7</subfield>
    <subfield code="b">cbc</subfield>
    <subfield code="c">pccadap</subfield>
    <subfield code="d">3</subfield>
    <subfield code="e">ncip</subfield>
    <subfield code="f">20</subfield>
    <subfield code="g">y-nonroman</subfield>
  </datafield>
  <datafield tag="925" ind1="0" ind2=" ">
    <subfield code="a">acquire</subfield>
    <subfield code="b">1 shelf copy</subfield>
    <subfield code="x">CP 2019-12-03</subfield>
  </datafield>
  <datafield tag="955" ind1=" " ind2=" ">
    <subfield code="b">cf27 2019-12-05 z-processor JACKPHY</subfield>
    <subfield code="i">cf27 2019-12-06</subfield>
    <subfield code="r">cf25 2019-12-16</subfield>
    <subfield code="a">cf27 2020-01-02 to Asian</subfield>
  </datafield>
  <datafield tag="010" ind1=" " ind2=" ">
    <subfield code="a">  2019465647</subfield>
  </datafield>
  <datafield tag="020" ind1=" " ind2=" ">
    <subfield code="a">9784805507995</subfield>
    <subfield code="q">(hardcover)</subfield>
  </datafield>
  <datafield tag="020" ind1=" " ind2=" ">
    <subfield code="a">4805507993</subfield>
    <subfield code="q">(hardcover)</subfield>
  </datafield>
  <datafield tag="035" ind1=" " ind2=" ">
    <subfield code="a">(OCoLC)on1025193092</subfield>
  </datafield>
  <datafield tag="040" ind1=" " ind2=" ">
    <subfield code="a">JaToTRC</subfield>
    <subfield code="b">eng</subfield>
    <subfield code="e">rda</subfield>
    <subfield code="c">TRCLS</subfield>
    <subfield code="d">HFL</subfield>
    <subfield code="d">MZA</subfield>
    <subfield code="d">HFL</subfield>
    <subfield code="d">OCLCF</subfield>
    <subfield code="d">ZCU</subfield>
    <subfield code="d">DLC</subfield>
  </datafield>
  <datafield tag="041" ind1=" " ind2=" ">
    <subfield code="a">jpn</subfield>
    <subfield code="b">eng</subfield>
  </datafield>
  <datafield tag="042" ind1=" " ind2=" ">
    <subfield code="a">pcc</subfield>
  </datafield>
  <datafield tag="043" ind1=" " ind2=" ">
    <subfield code="a">a-cc---</subfield>
  </datafield>
  <datafield tag="050" ind1="0" ind2="0">
    <subfield code="a">ND1366.7</subfield>
    <subfield code="b">.K66 2018</subfield>
  </datafield>
  <datafield tag="066" ind1=" " ind2=" ">
    <subfield code="c">$1</subfield>
  </datafield>
  <datafield tag="084" ind1=" " ind2=" ">
    <subfield code="a">722.24</subfield>
    <subfield code="2">njb/9</subfield>
  </datafield>
  <datafield tag="100" ind1="1" ind2=" ">
    <subfield code="6">880-01</subfield>
    <subfield code="a">Kōno, Michifusa,</subfield>
    <subfield code="e">author.</subfield>
  </datafield>
  <datafield tag="880" ind1="1" ind2=" ">
    <subfield code="6">100-01/$1</subfield>
    <subfield code="a">河野道房,</subfield>
    <subfield code="e">author.</subfield>
  </datafield>
  <datafield tag="245" ind1="1" ind2="0">
    <subfield code="6">880-02</subfield>
    <subfield code="a">Chūgoku sansui gashi kenkyū :</subfield>
    <subfield code="b">okuyuki hyōgen o chūshin ni = The representation of depth in Chinese landscape painting /</subfield>
    <subfield code="c">Kōno Michifusa cho.</subfield>
  </datafield>
  <datafield tag="880" ind1="1" ind2="0">
    <subfield code="6">245-02/$1</subfield>
    <subfield code="a">中国山水画史研究 :</subfield>
    <subfield code="b">奥行き表現を中心に = The representation of depth in Chinese landscape painting /</subfield>
    <subfield code="c">河野道房.</subfield>
  </datafield>
  <datafield tag="246" ind1="3" ind2="1">
    <subfield code="a">Representation of depth in Chinese landscape painting</subfield>
  </datafield>
  <datafield tag="264" ind1=" " ind2="1">
    <subfield code="6">880-03</subfield>
    <subfield code="a">Tōkyō :</subfield>
    <subfield code="b">Chūōkōron Bijutsu Shuppan,</subfield>
    <subfield code="c">Heisei 30 [2018]</subfield>
  </datafield>
  <datafield tag="880" ind1=" " ind2="1">
    <subfield code="6">264-03/$1</subfield>
    <subfield code="a">東京 :</subfield>
    <subfield code="b">中央公論美術出版,</subfield>
    <subfield code="c">平成30 [2018]</subfield>
  </datafield>
  <datafield tag="300" ind1=" " ind2=" ">
    <subfield code="a">407 pages :</subfield>
    <subfield code="b">illustrations (some color) ;</subfield>
    <subfield code="c">22 cm</subfield>
  </datafield>
  <datafield tag="336" ind1=" " ind2=" ">
    <subfield code="a">text</subfield>
    <subfield code="2">rdacontent</subfield>
  </datafield>
  <datafield tag="337" ind1=" " ind2=" ">
    <subfield code="a">unmediated</subfield>
    <subfield code="2">rdamedia</subfield>
  </datafield>
  <datafield tag="338" ind1=" " ind2=" ">
    <subfield code="a">volume</subfield>
    <subfield code="2">rdacarrier</subfield>
  </datafield>
  <datafield tag="546" ind1=" " ind2=" ">
    <subfield code="a">Text in Japanese; table of contents also in English.</subfield>
  </datafield>
  <datafield tag="500" ind1=" " ind2=" ">
    <subfield code="a">Parallel title from page 407.</subfield>
  </datafield>
  <datafield tag="504" ind1=" " ind2=" ">
    <subfield code="a">Includes bibliographical references.</subfield>
  </datafield>
  <datafield tag="650" ind1=" " ind2="0">
    <subfield code="a">Landscape painting, Chinese.</subfield>
  </datafield>
  <datafield tag="650" ind1=" " ind2="7">
    <subfield code="a">Landscape painting, Chinese.</subfield>
    <subfield code="2">fast</subfield>
    <subfield code="0">(OCoLC)fst00991975</subfield>
  </datafield>
  <datafield tag="650" ind1="0" ind2="7">
    <subfield code="6">880-04</subfield>
    <subfield code="a">Chūgokuga-Rekishi.</subfield>
    <subfield code="2">jlabsh/4</subfield>
  </datafield>
  <datafield tag="880" ind1="0" ind2="4">
    <subfield code="6">650-04/$1</subfield>
    <subfield code="a">中国画-歴史.</subfield>
    <subfield code="2">jlabsh/4</subfield>
  </datafield>
  <datafield tag="650" ind1="0" ind2="7">
    <subfield code="6">880-05</subfield>
    <subfield code="a">Sansuiga.</subfield>
    <subfield code="2">jlabsh/4</subfield>
  </datafield>
  <datafield tag="880" ind1="0" ind2="4">
    <subfield code="6">650-05/$1</subfield>
    <subfield code="a">山水画.</subfield>
    <subfield code="2">jlabsh/4</subfield>
  </datafield>
  <datafield tag="923" ind1=" " ind2=" ">
    <subfield code="d">20191012</subfield>
    <subfield code="n">122-31899397</subfield>
    <subfield code="s">JPTC</subfield>
  </datafield>
</record>