
<record>
  <leader>02359ccm a2200457 i 4500</leader>
  <controlfield tag="001">21321434</controlfield>
  <controlfield tag="005">20200102112105.0</controlfield>
  <controlfield tag="008">191205m19479999ru mul|        n  | zxxo </controlfield>
  <datafield tag="906" ind1=" " ind2=" ">
    <subfield code="a">7</subfield>
    <subfield code="b">cbc</subfield>
    <subfield code="c">copycat</subfield>
    <subfield code="d">2</subfield>
    <subfield code="e">ncip</subfield>
    <subfield code="f">20</subfield>
    <subfield code="g">y-genmusic</subfield>
  </datafield>
  <datafield tag="925" ind1="0" ind2=" ">
    <subfield code="a">acquire</subfield>
    <subfield code="b">1 shelf copy</subfield>
    <subfield code="x">policy default</subfield>
  </datafield>
  <datafield tag="955" ind1=" " ind2=" ">
    <subfield code="a">vl26 2019-12-05 z-client</subfield>
    <subfield code="i">vl26 2019-12-05</subfield>
    <subfield code="a">vl26 2019-12-06 telework v. 2 added</subfield>
    <subfield code="e">vl26 2019-2019-12-06 v. 2 to Music Division</subfield>
    <subfield code="e">vl39 2020-01-02 to BCCD v.2, c.1</subfield>
  </datafield>
  <datafield tag="010" ind1=" " ind2=" ">
    <subfield code="a">  2019566039</subfield>
    <subfield code="z">m  58000220 </subfield>
  </datafield>
  <datafield tag="028" ind1="2" ind2="2">
    <subfield code="a">M. 18841 G.</subfield>
    <subfield code="b">Gosudarstvennoe muzykalʹnoe izdatelʹstvo</subfield>
    <subfield code="q">volume 1</subfield>
  </datafield>
  <datafield tag="028" ind1="2" ind2="2">
    <subfield code="a">M. 20577 G.</subfield>
    <subfield code="b">Gosudarstvennoe muzykalʹnoe izdatelʹstvo</subfield>
    <subfield code="q">volume 2</subfield>
  </datafield>
  <datafield tag="035" ind1=" " ind2=" ">
    <subfield code="a">(OCoLC)ocm20166287</subfield>
  </datafield>
  <datafield tag="035" ind1=" " ind2=" ">
    <subfield code="a">(OCoLC)20166287</subfield>
  </datafield>
  <datafield tag="040" ind1=" " ind2=" ">
    <subfield code="a">DLC</subfield>
    <subfield code="b">eng</subfield>
    <subfield code="e">rda</subfield>
    <subfield code="c">HMU</subfield>
    <subfield code="d">OCL</subfield>
    <subfield code="d">OCLCG</subfield>
    <subfield code="d">OCLCF</subfield>
    <subfield code="d">OCLCA</subfield>
    <subfield code="d">OCLCQ</subfield>
    <subfield code="d">OCLCO</subfield>
    <subfield code="d">OCLCA</subfield>
    <subfield code="d">DLC</subfield>
  </datafield>
  <datafield tag="042" ind1=" " ind2=" ">
    <subfield code="a">lccopycat</subfield>
  </datafield>
  <datafield tag="045" ind1=" " ind2=" ">
    <subfield code="a">w8x0</subfield>
  </datafield>
  <datafield tag="048" ind1=" " ind2=" ">
    <subfield code="a">ka01</subfield>
  </datafield>
  <datafield tag="050" ind1="0" ind2="0">
    <subfield code="a">M22.A7</subfield>
    <subfield code="b">I9 1947</subfield>
  </datafield>
  <datafield tag="100" ind1="1" ind2=" ">
    <subfield code="a">Arensky, Anton,</subfield>
    <subfield code="d">1861-1906.</subfield>
  </datafield>
  <datafield tag="240" ind1="1" ind2="0">
    <subfield code="a">Piano music.</subfield>
    <subfield code="k">Selections</subfield>
  </datafield>
  <datafield tag="245" ind1="0" ind2="0">
    <subfield code="a">Izbrannye proizvedenii︠a︡ dli︠a︡ fortepiano /</subfield>
    <subfield code="c">A. Arenskiĭ.</subfield>
  </datafield>
  <datafield tag="264" ind1=" " ind2="1">
    <subfield code="a">Moskva :</subfield>
    <subfield code="b">Gosudarstvennoe muzykalʹnoe izdatelʹstvo,</subfield>
    <subfield code="c">1947-</subfield>
  </datafield>
  <datafield tag="300" ind1=" " ind2=" ">
    <subfield code="a">1 score (&lt;2&gt; volumes) ;</subfield>
    <subfield code="c">29 cm</subfield>
  </datafield>
  <datafield tag="336" ind1=" " ind2=" ">
    <subfield code="a">notated music</subfield>
    <subfield code="b">ntm</subfield>
    <subfield code="2">rdacontent</subfield>
  </datafield>
  <datafield tag="337" ind1=" " ind2=" ">
    <subfield code="a">unmediated</subfield>
    <subfield code="b">n</subfield>
    <subfield code="2">rdamedia</subfield>
  </datafield>
  <datafield tag="338" ind1=" " ind2=" ">
    <subfield code="a">volume</subfield>
    <subfield code="b">nc</subfield>
    <subfield code="2">rdacarrier</subfield>
  </datafield>
  <datafield tag="382" ind1="0" ind2="1">
    <subfield code="a">piano</subfield>
    <subfield code="n">1</subfield>
    <subfield code="s">1</subfield>
    <subfield code="2">lcmpt</subfield>
  </datafield>
  <datafield tag="500" ind1=" " ind2=" ">
    <subfield code="a">Redakt︠s︡ii︠a︡: A. Egorov (volume 2).</subfield>
  </datafield>
  <datafield tag="500" ind1=" " ind2=" ">
    <subfield code="a">Formerly in the Andrews Sisters collection in the Library of Congress (volume 2).</subfield>
    <subfield code="5">DLC</subfield>
  </datafield>
  <datafield tag="500" ind1=" " ind2=" ">
    <subfield code="a">Volume 3 not in LC collection.</subfield>
    <subfield code="5">DLC</subfield>
  </datafield>
  <datafield tag="505" ind1="1" ind2=" ">
    <subfield code="a">v. 1. op. 5, no. 5. Basso ostinato ; op. 8. Skert︠s︡o ; op. 28, no. 1, 2. Logaėdy, Peony ; op. 36, no. 8, 11,15, 16, 24. In modo antico, Barkarolla, Lesnoĭ rucheĭ,  Ėlegii︠a︡, V pole -- v. 2. op. 1, no. 1. Sochuvstvie ; op. 19, no. 2. Preli︠u︡dii︠a︡ ; op. 24, no. 1, 3. Ėskiz ; op. 28, no. 2. Ioniki ; op. 36, no. 2. Volchok ; op. 42, no. 1. Preli︠u︡dii︠a︡ ; op. 43, no. 1, 4, 5, 6. Kapris -- v. 3. op. 52, no. 2, 3, 6 ; op. 53, no. 2, 5. Preli︠u︡dii︠a︡, Romans ; op. 63, no. 1, 10 ; Valʹs.</subfield>
  </datafield>
  <datafield tag="650" ind1=" " ind2="0">
    <subfield code="a">Piano music.</subfield>
  </datafield>
  <datafield tag="650" ind1=" " ind2="7">
    <subfield code="a">Piano music.</subfield>
    <subfield code="2">fast</subfield>
    <subfield code="0">(OCoLC)fst01063403</subfield>
  </datafield>
  <datafield tag="655" ind1=" " ind2="7">
    <subfield code="a">Scores.</subfield>
    <subfield code="2">lcgft</subfield>
  </datafield>
  <datafield tag="655" ind1=" " ind2="7">
    <subfield code="a">Art music.</subfield>
    <subfield code="2">lcgft</subfield>
  </datafield>
  <datafield tag="655" ind1=" " ind2="7">
    <subfield code="a">Preludes (Music)</subfield>
    <subfield code="2">lcgft</subfield>
  </datafield>
  <datafield tag="655" ind1=" " ind2="7">
    <subfield code="a">Scherzos.</subfield>
    <subfield code="2">lcgft</subfield>
  </datafield>
  <datafield tag="655" ind1=" " ind2="7">
    <subfield code="a">Waltzes (Music)</subfield>
    <subfield code="2">lcgft</subfield>
  </datafield>
</record>