
<record>
  <leader>04102cam a2200433 i 4500</leader>
  <controlfield tag="001">21321455</controlfield>
  <controlfield tag="005">20200102124828.0</controlfield>
  <controlfield tag="008">191205t2019    nyu           000 f eng d</controlfield>
  <datafield tag="906" ind1=" " ind2=" ">
    <subfield code="a">0</subfield>
    <subfield code="b">ibc</subfield>
    <subfield code="c">copycat</subfield>
    <subfield code="d">2</subfield>
    <subfield code="e">ncip</subfield>
    <subfield code="f">20</subfield>
    <subfield code="g">y-gencatlg</subfield>
  </datafield>
  <datafield tag="925" ind1="0" ind2=" ">
    <subfield code="a">acquire</subfield>
    <subfield code="b">1 shelf copies</subfield>
    <subfield code="x">policy default</subfield>
  </datafield>
  <datafield tag="955" ind1=" " ind2=" ">
    <subfield code="b">rn05 2019-12-05 z-processor 1 copy to USPRLL</subfield>
    <subfield code="i">hc15 2019-12-11 to rev.</subfield>
    <subfield code="r">xk18 2020-01-02 reviewed</subfield>
  </datafield>
  <datafield tag="010" ind1=" " ind2=" ">
    <subfield code="a">  2018278465</subfield>
  </datafield>
  <datafield tag="020" ind1=" " ind2=" ">
    <subfield code="a">9780062930019</subfield>
    <subfield code="q">hardcover</subfield>
  </datafield>
  <datafield tag="020" ind1=" " ind2=" ">
    <subfield code="a">006293001X</subfield>
    <subfield code="q">hardcover</subfield>
  </datafield>
  <datafield tag="020" ind1=" " ind2=" ">
    <subfield code="a">9780062863300</subfield>
    <subfield code="q">paperback</subfield>
  </datafield>
  <datafield tag="020" ind1=" " ind2=" ">
    <subfield code="a">0062863304</subfield>
    <subfield code="q">paperback</subfield>
  </datafield>
  <datafield tag="035" ind1=" " ind2=" ">
    <subfield code="a">(OCoLC)on1111627732</subfield>
  </datafield>
  <datafield tag="040" ind1=" " ind2=" ">
    <subfield code="a">NjBwBT</subfield>
    <subfield code="b">eng</subfield>
    <subfield code="c">FMG</subfield>
    <subfield code="e">rda</subfield>
    <subfield code="e">rda</subfield>
    <subfield code="d">FMG</subfield>
    <subfield code="d">OCO</subfield>
    <subfield code="d">IUK</subfield>
    <subfield code="d">NZAUC</subfield>
    <subfield code="d">ILC</subfield>
    <subfield code="d">CLE</subfield>
    <subfield code="d">YDX</subfield>
    <subfield code="d">ORX</subfield>
    <subfield code="d">SOM</subfield>
    <subfield code="d">ETC</subfield>
    <subfield code="d">OCLCF</subfield>
    <subfield code="d">OCLCQ</subfield>
    <subfield code="d">YDXIT</subfield>
    <subfield code="d">OCLCO</subfield>
    <subfield code="d">DLC</subfield>
  </datafield>
  <datafield tag="042" ind1=" " ind2=" ">
    <subfield code="a">pcc</subfield>
  </datafield>
  <datafield tag="050" ind1="0" ind2="0">
    <subfield code="a">PS3558.A4637</subfield>
    <subfield code="b">M27 2019</subfield>
  </datafield>
  <datafield tag="082" ind1="0" ind2="4">
    <subfield code="a">813/.54</subfield>
    <subfield code="2">23</subfield>
  </datafield>
  <datafield tag="100" ind1="1" ind2=" ">
    <subfield code="a">Handler, David,</subfield>
    <subfield code="d">1952-</subfield>
    <subfield code="e">author.</subfield>
  </datafield>
  <datafield tag="245" ind1="1" ind2="4">
    <subfield code="a">The man in the white linen suit /</subfield>
    <subfield code="c">David Handler.</subfield>
  </datafield>
  <datafield tag="250" ind1=" " ind2=" ">
    <subfield code="a">First edition.</subfield>
  </datafield>
  <datafield tag="264" ind1=" " ind2="1">
    <subfield code="a">New York, NY :</subfield>
    <subfield code="b">William Morrow, an imprint of HarperCollinsPublishers,</subfield>
    <subfield code="c">[2019]</subfield>
  </datafield>
  <datafield tag="264" ind1=" " ind2="4">
    <subfield code="c">©2019</subfield>
  </datafield>
  <datafield tag="300" ind1=" " ind2=" ">
    <subfield code="a">254, 9 pages ;</subfield>
    <subfield code="c">24 cm.</subfield>
  </datafield>
  <datafield tag="336" ind1=" " ind2=" ">
    <subfield code="a">text</subfield>
    <subfield code="b">txt</subfield>
    <subfield code="2">rdacontent</subfield>
  </datafield>
  <datafield tag="337" ind1=" " ind2=" ">
    <subfield code="a">unmediated</subfield>
    <subfield code="b">n</subfield>
    <subfield code="2">rdamedia</subfield>
  </datafield>
  <datafield tag="338" ind1=" " ind2=" ">
    <subfield code="a">volume</subfield>
    <subfield code="b">nc</subfield>
    <subfield code="2">rdacarrier</subfield>
  </datafield>
  <datafield tag="490" ind1="1" ind2=" ">
    <subfield code="a">A Stewart Hoag mystery</subfield>
  </datafield>
  <datafield tag="500" ind1=" " ind2=" ">
    <subfield code="a">&quot;P.S. insights, interviews &amp; more ...&quot;--Jacket.</subfield>
  </datafield>
  <datafield tag="500" ind1=" " ind2=" ">
    <subfield code="a">Sequel to: The man who couldn&apos;t miss.</subfield>
  </datafield>
  <datafield tag="520" ind1=" " ind2=" ">
    <subfield code="a">&quot;Washed-up celebrity ghostwriter Stewart &quot;Hoagy&quot; Hoag has finally rediscovered his voice and is making progress on what he hopes will be his long-awaited second novel. Burrowed up in his less-than-luxurious, sweltering fifth floor walk-up, he tries not to think of the disparities between himself and his ex-wife, celebrity actress Merilee Nash, who is sifting through film offers - and also her fickle feelings for Hoagy - from her elegant eight-room apartment looking over Central Park. When Merilee offers her home for Hoagy&apos;s use while she&apos;s shooting on location, hope blossoms that he might finally get some real work done ... and solidify their rekindling romance. Then Hoagy receives a call from his literary agent asking if he can meet with publishing&apos;s most ruthless and reviled editor, Sylvia James, for a drink at the Algonquin Hotel. After disclosing that aging literary genius Addison James - also Sylvia&apos;s father and main client - has not in fact written his last two bestselling historical sagas, Sylvia reveals her suspicions that Addison&apos;s assistant Tommy O&apos;Brien - the true author - has run away with their most recent manuscript and is holding it for ransom. Tempted by Sylvia&apos;s offer to bid a hefty advance for his novel-in-progress, Hoagy agrees to help unearth Tommy&apos;s sudden disappearance. If only he&apos;d known exactly what he was getting himself into, he might&apos;ve saved himself from the ensuing grief that follows in his hot pursuit of Tommy. But then, that wouldn&apos;t be a normal day in the life of Hoagy. With clattering claims of a mugging, a stolen manuscript, and three murders, now it&apos;s up to Hoagy and his short-legged sidekick Lulu to unravel this baffling, bizarre case.&quot;--Publisher description.</subfield>
  </datafield>
  <datafield tag="520" ind1=" " ind2=" ">
    <subfield code="a">Stewart &quot;Hoagy&quot; Hoag is making progress on what he hopes will be his long-awaited second novel. When his ex-wife Merilee offers her home for Hoagy&apos;s use while she&apos;s shooting on location, hope blossoms that he might finally get some real work done ... and solidify their rekindling romance. His literary agent asks Hoagy to meet with reviled editor Sylvia James, for a drink at the Algonquin Hotel. She discloses that aging literary genius Addison James-- her father and main client-- has not written his last two bestselling historical sagas, and his assistant Tommy O&apos;Brien has run away, holding the most recent manuscript for ransom. Now Hoagy is in hot pursuit of O&apos;Brien-- and knee-deep in a mugging, a stolen manuscript, and three murders. -- adapted from jacket</subfield>
  </datafield>
  <datafield tag="650" ind1=" " ind2="0">
    <subfield code="a">Hoag, Stewart (Fictitious character)</subfield>
    <subfield code="v">Fiction.</subfield>
  </datafield>
  <datafield tag="650" ind1=" " ind2="0">
    <subfield code="a">Basset hound</subfield>
    <subfield code="v">Fiction.</subfield>
  </datafield>
  <datafield tag="650" ind1=" " ind2="0">
    <subfield code="a">Ghostwriters</subfield>
    <subfield code="v">Fiction.</subfield>
  </datafield>
  <datafield tag="800" ind1="1" ind2=" ">
    <subfield code="a">Handler, David,</subfield>
    <subfield code="d">1952-</subfield>
    <subfield code="t">Stewart Hoag mystery ;</subfield>
    <subfield code="v">11.</subfield>
  </datafield>
</record>